<TICKER>,<PER>,<DATE>,<TIME>,<LAST>,<VOL>
SBER,0,20170721,095935,163.990000000,10
SBER,0,20170721,095935,163.990000000,960
SBER,0,20170721,095935,163.990000000,40
SBER,0,20170721,095935,163.990000000,10
SBER,0,20170721,095935,163.990000000,490
SBER,0,20170721,095935,163.990000000,2090
SBER,0,20170721,095935,163.990000000,50
SBER,0,20170721,095935,163.990000000,2380
SBER,0,20170721,095935,163.990000000,20
SBER,0,20170721,095935,163.990000000,10
SBER,0,20170721,095935,163.990000000,1460
SBER,0,20170721,095935,163.990000000,60
SBER,0,20170721,095935,163.990000000,1480
SBER,0,20170721,095935,163.990000000,560
SBER,0,20170721,095935,163.990000000,1650
SBER,0,20170721,095935,163.990000000,390
SBER,0,20170721,095935,163.990000000,20
SBER,0,20170721,095935,163.990000000,670
SBER,0,20170721,095935,163.990000000,10
SBER,0,20170721,095935,163.990000000,4320
SBER,0,20170721,095935,163.990000000,20
SBER,0,20170721,095935,163.990000000,4000
SBER,0,20170721,095935,163.990000000,660
SBER,0,20170721,095935,163.990000000,500
SBER,0,20170721,095935,163.990000000,1000
SBER,0,20170721,095935,163.990000000,300
SBER,0,20170721,100000,163.960000000,2630
SBER,0,20170721,100000,163.960000000,960
SBER,0,20170721,100001,163.960000000,800
SBER,0,20170721,100001,163.960000000,100
SBER,0,20170721,100001,163.930000000,20
SBER,0,20170721,100001,163.980000000,730
SBER,0,20170721,100001,163.980000000,300
SBER,0,20170721,100001,163.980000000,800
SBER,0,20170721,100001,163.980000000,250
SBER,0,20170721,100001,163.990000000,150
SBER,0,20170721,100003,163.850000000,10
SBER,0,20170721,100003,163.860000000,300
SBER,0,20170721,100003,163.830000000,180
SBER,0,20170721,100003,163.820000000,170
SBER,0,20170721,100004,163.820000000,110
SBER,0,20170721,100004,163.820000000,230
SBER,0,20170721,100005,163.820000000,600
SBER,0,20170721,100007,163.820000000,600
SBER,0,20170721,100007,163.840000000,700
SBER,0,20170721,100008,163.770000000,600
SBER,0,20170721,100009,163.770000000,50
SBER,0,20170721,100009,163.760000000,20
SBER,0,20170721,100009,163.760000000,230
SBER,0,20170721,100010,163.730000000,50
SBER,0,20170721,100010,163.790000000,20
SBER,0,20170721,100011,163.790000000,80
SBER,0,20170721,100012,163.780000000,30
SBER,0,20170721,100013,163.780000000,200
SBER,0,20170721,100013,163.780000000,10
SBER,0,20170721,100018,163.750000000,1000
SBER,0,20170721,100021,163.780000000,30
SBER,0,20170721,100021,163.780000000,20
SBER,0,20170721,100021,163.780000000,490
SBER,0,20170721,100021,163.780000000,2100
SBER,0,20170721,100021,163.780000000,130
SBER,0,20170721,100021,163.780000000,30
SBER,0,20170721,100021,163.790000000,200
SBER,0,20170721,100022,163.770000000,30
SBER,0,20170721,100025,163.780000000,420
SBER,0,20170721,100025,163.780000000,100
SBER,0,20170721,100025,163.780000000,2080
SBER,0,20170721,100026,163.770000000,1000
SBER,0,20170721,100027,163.780000000,2420
SBER,0,20170721,100027,163.780000000,970
SBER,0,20170721,100027,163.780000000,840
SBER,0,20170721,100027,163.790000000,280
SBER,0,20170721,100029,163.800000000,750
SBER,0,20170721,100029,163.840000000,250
SBER,0,20170721,100029,163.800000000,860
SBER,0,20170721,100029,163.790000000,1140
SBER,0,20170721,100030,163.840000000,600
SBER,0,20170721,100032,163.830000000,10
SBER,0,20170721,100033,163.830000000,10
SBER,0,20170721,100034,163.810000000,280
SBER,0,20170721,100034,163.810000000,10
SBER,0,20170721,100034,163.810000000,490
SBER,0,20170721,100034,163.800000000,620
SBER,0,20170721,100038,163.830000000,100
SBER,0,20170721,100038,163.820000000,150
SBER,0,20170721,100039,163.820000000,5510
SBER,0,20170721,100039,163.820000000,280
SBER,0,20170721,100039,163.800000000,11610
SBER,0,20170721,100040,163.800000000,9000
SBER,0,20170721,100041,163.790000000,790
SBER,0,20170721,100042,163.790000000,330
SBER,0,20170721,100043,163.790000000,50
SBER,0,20170721,100043,163.790000000,2180
SBER,0,20170721,100043,163.790000000,820
SBER,0,20170721,100043,163.790000000,150
SBER,0,20170721,100043,163.790000000,400
SBER,0,20170721,100043,163.790000000,810
SBER,0,20170721,100046,163.790000000,4500
SBER,0,20170721,100046,163.790000000,150
SBER,0,20170721,100047,163.790000000,3880
SBER,0,20170721,100047,163.780000000,70
SBER,0,20170721,100049,163.780000000,300
SBER,0,20170721,100051,163.780000000,250
SBER,0,20170721,100052,163.790000000,350
SBER,0,20170721,100054,163.790000000,620
SBER,0,20170721,100054,163.790000000,130
SBER,0,20170721,100057,163.780000000,280
SBER,0,20170721,100057,163.780000000,1000
SBER,0,20170721,100057,163.780000000,70
SBER,0,20170721,100057,163.770000000,330
SBER,0,20170721,100057,163.750000000,200
SBER,0,20170721,100057,163.740000000,1240
SBER,0,20170721,100057,163.740000000,880
SBER,0,20170721,100057,163.750000000,350
SBER,0,20170721,100058,163.750000000,100
SBER,0,20170721,100059,163.750000000,100
SBER,0,20170721,100100,163.750000000,1000
SBER,0,20170721,100100,163.740000000,690
SBER,0,20170721,100100,163.740000000,50
SBER,0,20170721,100100,163.730000000,1000
SBER,0,20170721,100101,163.730000000,1000
SBER,0,20170721,100101,163.730000000,1000
SBER,0,20170721,100101,163.730000000,1000
SBER,0,20170721,100101,163.730000000,380
SBER,0,20170721,100102,163.730000000,1800
SBER,0,20170721,100102,163.730000000,1200
SBER,0,20170721,100102,163.720000000,1000
SBER,0,20170721,100102,163.720000000,10
SBER,0,20170721,100102,163.720000000,800
SBER,0,20170721,100102,163.720000000,90
SBER,0,20170721,100102,163.710000000,20
SBER,0,20170721,100102,163.690000000,740
SBER,0,20170721,100102,163.690000000,1200
SBER,0,20170721,100102,163.690000000,1300
SBER,0,20170721,100102,163.690000000,500
SBER,0,20170721,100102,163.660000000,10
SBER,0,20170721,100102,163.730000000,10
SBER,0,20170721,100104,163.660000000,1100
SBER,0,20170721,100104,163.660000000,970
SBER,0,20170721,100104,163.650000000,20
SBER,0,20170721,100105,163.680000000,200
SBER,0,20170721,100106,163.680000000,1020
SBER,0,20170721,100107,163.630000000,20
SBER,0,20170721,100107,163.630000000,110
SBER,0,20170721,100108,163.680000000,1780
SBER,0,20170721,100108,163.680000000,90
SBER,0,20170721,100108,163.680000000,9990
SBER,0,20170721,100108,163.680000000,410
SBER,0,20170721,100109,163.680000000,1950
SBER,0,20170721,100109,163.680000000,1050
SBER,0,20170721,100109,163.680000000,1000
SBER,0,20170721,100109,163.670000000,3000
SBER,0,20170721,100109,163.670000000,300
SBER,0,20170721,100111,163.660000000,3000
SBER,0,20170721,100111,163.670000000,670
SBER,0,20170721,100111,163.690000000,410
SBER,0,20170721,100111,163.690000000,650
SBER,0,20170721,100111,163.690000000,670
SBER,0,20170721,100111,163.630000000,70
SBER,0,20170721,100115,163.630000000,1820
SBER,0,20170721,100115,163.630000000,20
SBER,0,20170721,100115,163.630000000,970
SBER,0,20170721,100116,163.610000000,100
SBER,0,20170721,100116,163.610000000,180
SBER,0,20170721,100116,163.610000000,10
SBER,0,20170721,100118,163.580000000,50
SBER,0,20170721,100119,163.580000000,1170
SBER,0,20170721,100119,163.580000000,90
SBER,0,20170721,100119,163.570000000,4910
SBER,0,20170721,100119,163.570000000,90
SBER,0,20170721,100119,163.550000000,20
SBER,0,20170721,100119,163.550000000,5000
SBER,0,20170721,100119,163.550000000,10
SBER,0,20170721,100119,163.540000000,1920
SBER,0,20170721,100119,163.610000000,60
SBER,0,20170721,100120,163.610000000,240
SBER,0,20170721,100120,163.570000000,70
SBER,0,20170721,100120,163.550000000,930
SBER,0,20170721,100127,163.540000000,1600
SBER,0,20170721,100127,163.540000000,970
SBER,0,20170721,100127,163.540000000,210
SBER,0,20170721,100127,163.530000000,50
SBER,0,20170721,100127,163.530000000,20
SBER,0,20170721,100127,163.520000000,500
SBER,0,20170721,100127,163.520000000,430
SBER,0,20170721,100127,163.540000000,870
SBER,0,20170721,100127,163.520000000,1500
SBER,0,20170721,100127,163.520000000,1070
SBER,0,20170721,100127,163.510000000,10
SBER,0,20170721,100127,163.510000000,10
SBER,0,20170721,100127,163.540000000,10
SBER,0,20170721,100127,163.520000000,970
SBER,0,20170721,100127,163.500000000,1000
SBER,0,20170721,100127,163.500000000,260
SBER,0,20170721,100127,163.500000000,200
SBER,0,20170721,100127,163.500000000,1570
SBER,0,20170721,100127,163.530000000,280
SBER,0,20170721,100127,163.540000000,720
SBER,0,20170721,100128,163.500000000,50
SBER,0,20170721,100128,163.500000000,60
SBER,0,20170721,100128,163.500000000,300
SBER,0,20170721,100128,163.500000000,800
SBER,0,20170721,100128,163.540000000,200
SBER,0,20170721,100128,163.500000000,220
SBER,0,20170721,100128,163.490000000,20
SBER,0,20170721,100128,163.480000000,50
SBER,0,20170721,100128,163.480000000,10
SBER,0,20170721,100128,163.460000000,250
SBER,0,20170721,100128,163.460000000,10
SBER,0,20170721,100128,163.460000000,10
SBER,0,20170721,100128,163.460000000,100
SBER,0,20170721,100128,163.460000000,10
SBER,0,20170721,100128,163.450000000,20
SBER,0,20170721,100128,163.450000000,10
SBER,0,20170721,100128,163.440000000,590
SBER,0,20170721,100128,163.460000000,170
SBER,0,20170721,100128,163.500000000,1000
SBER,0,20170721,100128,163.510000000,830
SBER,0,20170721,100128,163.510000000,10
SBER,0,20170721,100128,163.440000000,50
SBER,0,20170721,100128,163.430000000,500
SBER,0,20170721,100128,163.430000000,20
SBER,0,20170721,100128,163.430000000,50
SBER,0,20170721,100128,163.420000000,500
SBER,0,20170721,100128,163.410000000,10
SBER,0,20170721,100128,163.410000000,20
SBER,0,20170721,100128,163.410000000,80
SBER,0,20170721,100128,163.400000000,20
SBER,0,20170721,100128,163.400000000,110
SBER,0,20170721,100128,163.400000000,400
SBER,0,20170721,100128,163.400000000,280
SBER,0,20170721,100128,163.390000000,1760
SBER,0,20170721,100128,163.390000000,1240
SBER,0,20170721,100128,163.380000000,50
SBER,0,20170721,100128,163.370000000,500
SBER,0,20170721,100128,163.360000000,1490
SBER,0,20170721,100128,163.410000000,180
SBER,0,20170721,100128,163.410000000,820
SBER,0,20170721,100128,163.410000000,280
SBER,0,20170721,100128,163.420000000,260
SBER,0,20170721,100128,163.420000000,2740
SBER,0,20170721,100128,163.420000000,1000
SBER,0,20170721,100128,163.440000000,260
SBER,0,20170721,100128,163.360000000,3000
SBER,0,20170721,100128,163.350000000,400
SBER,0,20170721,100128,163.350000000,280
SBER,0,20170721,100128,163.340000000,3000
SBER,0,20170721,100128,163.330000000,20
SBER,0,20170721,100128,163.330000000,50
SBER,0,20170721,100128,163.330000000,330
SBER,0,20170721,100128,163.330000000,690
SBER,0,20170721,100128,163.330000000,10
SBER,0,20170721,100128,163.320000000,250
SBER,0,20170721,100128,163.320000000,4000
SBER,0,20170721,100128,163.320000000,1000
SBER,0,20170721,100128,163.310000000,10
SBER,0,20170721,100128,163.310000000,10
SBER,0,20170721,100128,163.310000000,4990
SBER,0,20170721,100128,163.300000000,3000
SBER,0,20170721,100128,163.300000000,2600
SBER,0,20170721,100128,163.300000000,1000
SBER,0,20170721,100128,163.300000000,5360
SBER,0,20170721,100128,163.290000000,40
SBER,0,20170721,100129,163.290000000,960
SBER,0,20170721,100129,163.280000000,40
SBER,0,20170721,100129,163.290000000,1000
SBER,0,20170721,100129,163.280000000,10
SBER,0,20170721,100129,163.270000000,20
SBER,0,20170721,100129,163.260000000,100
SBER,0,20170721,100129,163.260000000,1540
SBER,0,20170721,100129,163.260000000,2670
SBER,0,20170721,100129,163.260000000,900
SBER,0,20170721,100129,163.420000000,280
SBER,0,20170721,100129,163.430000000,1000
SBER,0,20170721,100129,163.440000000,1220
SBER,0,20170721,100129,163.310000000,10
SBER,0,20170721,100129,163.350000000,90
SBER,0,20170721,100129,163.330000000,20
SBER,0,20170721,100129,163.330000000,250
SBER,0,20170721,100129,163.320000000,300
SBER,0,20170721,100129,163.320000000,500
SBER,0,20170721,100129,163.320000000,200
SBER,0,20170721,100129,163.300000000,10
SBER,0,20170721,100129,163.300000000,30
SBER,0,20170721,100129,163.270000000,2760
SBER,0,20170721,100129,163.370000000,10
SBER,0,20170721,100129,163.280000000,780
SBER,0,20170721,100129,163.370000000,20
SBER,0,20170721,100129,163.370000000,10
SBER,0,20170721,100129,163.270000000,10
SBER,0,20170721,100129,163.260000000,90
SBER,0,20170721,100129,163.270000000,30
SBER,0,20170721,100129,163.260000000,10
SBER,0,20170721,100129,163.250000000,10
SBER,0,20170721,100129,163.250000000,20
SBER,0,20170721,100129,163.250000000,10
SBER,0,20170721,100129,163.240000000,20
SBER,0,20170721,100129,163.230000000,50
SBER,0,20170721,100129,163.230000000,10
SBER,0,20170721,100129,163.220000000,40
SBER,0,20170721,100129,163.250000000,200
SBER,0,20170721,100129,163.250000000,800
SBER,0,20170721,100130,163.370000000,1470
SBER,0,20170721,100130,163.310000000,30
SBER,0,20170721,100130,163.310000000,30
SBER,0,20170721,100130,163.390000000,200
SBER,0,20170721,100130,163.390000000,800
SBER,0,20170721,100130,163.390000000,450
SBER,0,20170721,100130,163.390000000,280
SBER,0,20170721,100130,163.390000000,10
SBER,0,20170721,100130,163.320000000,280
SBER,0,20170721,100130,163.390000000,970
SBER,0,20170721,100130,163.400000000,20
SBER,0,20170721,100131,163.430000000,160
SBER,0,20170721,100131,163.390000000,1000
SBER,0,20170721,100131,163.390000000,280
SBER,0,20170721,100131,163.380000000,720
SBER,0,20170721,100131,163.380000000,10
SBER,0,20170721,100131,163.380000000,960
SBER,0,20170721,100132,163.320000000,3000
SBER,0,20170721,100132,163.320000000,1000
SBER,0,20170721,100133,163.300000000,3000
SBER,0,20170721,100133,163.300000000,10
SBER,0,20170721,100134,163.300000000,10
SBER,0,20170721,100134,163.280000000,50
SBER,0,20170721,100134,163.300000000,980
SBER,0,20170721,100134,163.360000000,720
SBER,0,20170721,100134,163.340000000,810
SBER,0,20170721,100134,163.340000000,2190
SBER,0,20170721,100134,163.310000000,1810
SBER,0,20170721,100137,163.400000000,130
SBER,0,20170721,100137,163.400000000,30
SBER,0,20170721,100137,163.400000000,60
SBER,0,20170721,100137,163.400000000,20
SBER,0,20170721,100137,163.400000000,40
SBER,0,20170721,100137,163.400000000,20
SBER,0,20170721,100137,163.400000000,30
SBER,0,20170721,100137,163.400000000,40
SBER,0,20170721,100137,163.400000000,20
SBER,0,20170721,100137,163.400000000,10
SBER,0,20170721,100137,163.400000000,20
SBER,0,20170721,100137,163.400000000,100
SBER,0,20170721,100137,163.410000000,380
SBER,0,20170721,100137,163.400000000,370
SBER,0,20170721,100137,163.360000000,50
SBER,0,20170721,100138,163.430000000,280
SBER,0,20170721,100138,163.440000000,1720
SBER,0,20170721,100138,163.370000000,1000
SBER,0,20170721,100138,163.360000000,280
SBER,0,20170721,100138,163.350000000,1000
SBER,0,20170721,100138,163.350000000,720
SBER,0,20170721,100140,163.440000000,320
SBER,0,20170721,100140,163.440000000,320
SBER,0,20170721,100140,163.450000000,740
SBER,0,20170721,100140,163.450000000,750
SBER,0,20170721,100141,163.450000000,240
SBER,0,20170721,100141,163.430000000,240
SBER,0,20170721,100141,163.420000000,10
SBER,0,20170721,100142,163.470000000,100
SBER,0,20170721,100142,163.480000000,320
SBER,0,20170721,100142,163.490000000,80
SBER,0,20170721,100142,163.420000000,1000
SBER,0,20170721,100142,163.410000000,1040
SBER,0,20170721,100144,163.480000000,2500
SBER,0,20170721,100145,163.450000000,60
SBER,0,20170721,100146,163.480000000,120
SBER,0,20170721,100146,163.490000000,230
SBER,0,20170721,100146,163.490000000,100
SBER,0,20170721,100146,163.490000000,300
SBER,0,20170721,100146,163.490000000,280
SBER,0,20170721,100146,163.490000000,970
SBER,0,20170721,100146,163.460000000,70
SBER,0,20170721,100147,163.450000000,10
SBER,0,20170721,100147,163.490000000,3000
SBER,0,20170721,100147,163.490000000,1000
SBER,0,20170721,100147,163.500000000,1000
SBER,0,20170721,100147,163.500000000,250
SBER,0,20170721,100147,163.500000000,1000
SBER,0,20170721,100147,163.500000000,930
SBER,0,20170721,100148,163.430000000,40
SBER,0,20170721,100148,163.430000000,580
SBER,0,20170721,100149,163.450000000,380
SBER,0,20170721,100149,163.450000000,20
SBER,0,20170721,100149,163.450000000,280
SBER,0,20170721,100150,163.410000000,10
SBER,0,20170721,100150,163.410000000,10
SBER,0,20170721,100150,163.420000000,20
SBER,0,20170721,100150,163.420000000,20
SBER,0,20170721,100151,163.420000000,20
SBER,0,20170721,100151,163.420000000,30
SBER,0,20170721,100151,163.420000000,30
SBER,0,20170721,100151,163.420000000,20
SBER,0,20170721,100151,163.410000000,30
SBER,0,20170721,100151,163.410000000,20
SBER,0,20170721,100152,163.410000000,20
SBER,0,20170721,100152,163.410000000,20
SBER,0,20170721,100152,163.410000000,20
SBER,0,20170721,100152,163.410000000,20
SBER,0,20170721,100153,163.480000000,10
SBER,0,20170721,100153,163.480000000,90
SBER,0,20170721,100153,163.410000000,20
SBER,0,20170721,100153,163.410000000,20
SBER,0,20170721,100154,163.480000000,50
SBER,0,20170721,100154,163.480000000,70
SBER,0,20170721,100154,163.490000000,880
SBER,0,20170721,100154,163.410000000,20
SBER,0,20170721,100156,163.410000000,80
SBER,0,20170721,100156,163.410000000,200
SBER,0,20170721,100156,163.410000000,970
SBER,0,20170721,100156,163.410000000,500
SBER,0,20170721,100156,163.410000000,500
SBER,0,20170721,100156,163.410000000,90
SBER,0,20170721,100156,163.400000000,910
SBER,0,20170721,100156,163.400000000,9750
SBER,0,20170721,100156,163.470000000,550
SBER,0,20170721,100156,163.470000000,200
SBER,0,20170721,100156,163.480000000,1160
SBER,0,20170721,100156,163.480000000,1840
SBER,0,20170721,100156,163.480000000,1000
SBER,0,20170721,100156,163.410000000,10
SBER,0,20170721,100156,163.400000000,250
SBER,0,20170721,100156,163.390000000,40
SBER,0,20170721,100156,163.470000000,280
SBER,0,20170721,100157,163.390000000,20
SBER,0,20170721,100157,163.400000000,1500
SBER,0,20170721,100158,163.400000000,50
SBER,0,20170721,100158,163.400000000,30
SBER,0,20170721,100158,163.380000000,100
SBER,0,20170721,100158,163.370000000,1000
SBER,0,20170721,100158,163.360000000,3000
SBER,0,20170721,100158,163.340000000,820
SBER,0,20170721,100159,163.350000000,60
SBER,0,20170721,100159,163.350000000,650
SBER,0,20170721,100202,163.390000000,30
SBER,0,20170721,100202,163.400000000,300
SBER,0,20170721,100202,163.410000000,1670
SBER,0,20170721,100202,163.410000000,10
SBER,0,20170721,100203,163.340000000,10
SBER,0,20170721,100204,163.400000000,10
SBER,0,20170721,100205,163.400000000,380
SBER,0,20170721,100205,163.400000000,120
SBER,0,20170721,100205,163.400000000,10
SBER,0,20170721,100205,163.340000000,10
SBER,0,20170721,100208,163.350000000,10
SBER,0,20170721,100209,163.350000000,500
SBER,0,20170721,100211,163.350000000,60
SBER,0,20170721,100211,163.400000000,10
SBER,0,20170721,100214,163.350000000,440
SBER,0,20170721,100214,163.350000000,970
SBER,0,20170721,100214,163.350000000,140
SBER,0,20170721,100214,163.350000000,1000
SBER,0,20170721,100214,163.340000000,50
SBER,0,20170721,100214,163.340000000,10
SBER,0,20170721,100214,163.340000000,10
SBER,0,20170721,100214,163.320000000,280
SBER,0,20170721,100214,163.310000000,10
SBER,0,20170721,100214,163.310000000,10
SBER,0,20170721,100214,163.310000000,180
SBER,0,20170721,100214,163.300000000,1900
SBER,0,20170721,100214,163.300000000,10
SBER,0,20170721,100214,163.280000000,20
SBER,0,20170721,100214,163.280000000,100
SBER,0,20170721,100214,163.280000000,50
SBER,0,20170721,100214,163.270000000,70
SBER,0,20170721,100214,163.260000000,30
SBER,0,20170721,100214,163.260000000,500
SBER,0,20170721,100214,163.250000000,250
SBER,0,20170721,100214,163.250000000,2620
SBER,0,20170721,100214,163.250000000,1310
SBER,0,20170721,100214,163.250000000,170
SBER,0,20170721,100214,163.250000000,650
SBER,0,20170721,100214,163.250000000,750
SBER,0,20170721,100214,163.250000000,100
SBER,0,20170721,100214,163.240000000,1300
SBER,0,20170721,100214,163.240000000,10
SBER,0,20170721,100214,163.230000000,50
SBER,0,20170721,100214,163.220000000,10
SBER,0,20170721,100214,163.220000000,740
SBER,0,20170721,100214,163.220000000,10
SBER,0,20170721,100214,163.210000000,20
SBER,0,20170721,100214,163.210000000,20
SBER,0,20170721,100214,163.210000000,10
SBER,0,20170721,100214,163.210000000,30
SBER,0,20170721,100214,163.200000000,300
SBER,0,20170721,100214,163.200000000,50
SBER,0,20170721,100214,163.200000000,10
SBER,0,20170721,100214,163.200000000,300
SBER,0,20170721,100214,163.200000000,850
SBER,0,20170721,100214,163.190000000,250
SBER,0,20170721,100214,163.190000000,500
SBER,0,20170721,100214,163.190000000,180
SBER,0,20170721,100214,163.190000000,1000
SBER,0,20170721,100214,163.180000000,50
SBER,0,20170721,100214,163.170000000,50
SBER,0,20170721,100214,163.160000000,10
SBER,0,20170721,100214,163.160000000,1850
SBER,0,20170721,100214,163.150000000,1000
SBER,0,20170721,100214,163.150000000,20
SBER,0,20170721,100214,163.150000000,10
SBER,0,20170721,100214,163.140000000,3050
SBER,0,20170721,100214,163.130000000,2400
SBER,0,20170721,100214,163.130000000,50
SBER,0,20170721,100214,163.130000000,300
SBER,0,20170721,100214,163.130000000,4990
SBER,0,20170721,100214,163.130000000,2080
SBER,0,20170721,100214,163.120000000,1360
SBER,0,20170721,100214,163.260000000,10
SBER,0,20170721,100214,163.130000000,1000
SBER,0,20170721,100214,163.120000000,1640
SBER,0,20170721,100214,163.120000000,7360
SBER,0,20170721,100214,163.120000000,60
SBER,0,20170721,100214,163.140000000,10
SBER,0,20170721,100215,163.230000000,280
SBER,0,20170721,100215,163.240000000,20
SBER,0,20170721,100215,163.150000000,60
SBER,0,20170721,100215,163.150000000,220
SBER,0,20170721,100215,163.140000000,80
SBER,0,20170721,100215,163.230000000,60
SBER,0,20170721,100215,163.230000000,220
SBER,0,20170721,100215,163.150000000,30
SBER,0,20170721,100215,163.150000000,30
SBER,0,20170721,100215,163.150000000,30
SBER,0,20170721,100215,163.210000000,30
SBER,0,20170721,100215,163.230000000,20
SBER,0,20170721,100215,163.230000000,10
SBER,0,20170721,100216,163.180000000,10
SBER,0,20170721,100216,163.170000000,30
SBER,0,20170721,100216,163.150000000,30
SBER,0,20170721,100216,163.140000000,200
SBER,0,20170721,100216,163.230000000,10
SBER,0,20170721,100216,163.230000000,10
SBER,0,20170721,100216,163.150000000,30
SBER,0,20170721,100216,163.230000000,10
SBER,0,20170721,100216,163.150000000,20
SBER,0,20170721,100216,163.140000000,710
SBER,0,20170721,100216,163.130000000,220
SBER,0,20170721,100216,163.120000000,940
SBER,0,20170721,100216,163.110000000,1000
SBER,0,20170721,100216,163.110000000,10
SBER,0,20170721,100216,163.110000000,10
SBER,0,20170721,100216,163.100000000,590
SBER,0,20170721,100217,163.140000000,100
SBER,0,20170721,100217,163.240000000,30
SBER,0,20170721,100217,163.140000000,30
SBER,0,20170721,100217,163.140000000,60
SBER,0,20170721,100217,163.240000000,240
SBER,0,20170721,100217,163.240000000,20
SBER,0,20170721,100217,163.240000000,50
SBER,0,20170721,100217,163.140000000,610
SBER,0,20170721,100217,163.130000000,270
SBER,0,20170721,100217,163.120000000,2730
SBER,0,20170721,100218,163.120000000,1000
SBER,0,20170721,100218,163.120000000,30
SBER,0,20170721,100219,163.230000000,270
SBER,0,20170721,100219,163.110000000,3000
SBER,0,20170721,100219,163.110000000,10
SBER,0,20170721,100219,163.110000000,490
SBER,0,20170721,100219,163.210000000,10
SBER,0,20170721,100220,163.190000000,10
SBER,0,20170721,100220,163.200000000,120
SBER,0,20170721,100220,163.210000000,350
SBER,0,20170721,100220,163.220000000,1000
SBER,0,20170721,100221,163.150000000,10
SBER,0,20170721,100221,163.140000000,50
SBER,0,20170721,100221,163.240000000,10
SBER,0,20170721,100221,163.250000000,50
SBER,0,20170721,100221,163.250000000,20
SBER,0,20170721,100222,163.250000000,430
SBER,0,20170721,100222,163.250000000,120
SBER,0,20170721,100222,163.260000000,1700
SBER,0,20170721,100222,163.250000000,600
SBER,0,20170721,100222,163.210000000,270
SBER,0,20170721,100222,163.200000000,2460
SBER,0,20170721,100222,163.270000000,270
SBER,0,20170721,100222,163.270000000,110
SBER,0,20170721,100222,163.280000000,720
SBER,0,20170721,100222,163.260000000,10
SBER,0,20170721,100223,163.280000000,10
SBER,0,20170721,100223,163.280000000,270
SBER,0,20170721,100223,163.280000000,230
SBER,0,20170721,100223,163.280000000,10
SBER,0,20170721,100223,163.180000000,10
SBER,0,20170721,100223,163.170000000,10
SBER,0,20170721,100223,163.250000000,10
SBER,0,20170721,100223,163.250000000,10
SBER,0,20170721,100223,163.180000000,270
SBER,0,20170721,100223,163.250000000,10
SBER,0,20170721,100224,163.250000000,10
SBER,0,20170721,100224,163.240000000,220
SBER,0,20170721,100224,163.250000000,280
SBER,0,20170721,100224,163.250000000,680
SBER,0,20170721,100224,163.250000000,840
SBER,0,20170721,100225,163.230000000,10
SBER,0,20170721,100225,163.210000000,10
SBER,0,20170721,100225,163.200000000,280
SBER,0,20170721,100226,163.280000000,10
SBER,0,20170721,100227,163.260000000,10
SBER,0,20170721,100227,163.250000000,50
SBER,0,20170721,100227,163.250000000,10
SBER,0,20170721,100227,163.250000000,520
SBER,0,20170721,100227,163.280000000,10
SBER,0,20170721,100227,163.280000000,40
SBER,0,20170721,100227,163.280000000,80
SBER,0,20170721,100227,163.280000000,90
SBER,0,20170721,100228,163.300000000,10
SBER,0,20170721,100229,163.300000000,10
SBER,0,20170721,100229,163.330000000,10
SBER,0,20170721,100230,163.310000000,10
SBER,0,20170721,100230,163.290000000,10
SBER,0,20170721,100232,163.320000000,10
SBER,0,20170721,100232,163.310000000,10
SBER,0,20170721,100232,163.290000000,10
SBER,0,20170721,100233,163.230000000,1380
SBER,0,20170721,100234,163.230000000,50
SBER,0,20170721,100234,163.230000000,30
SBER,0,20170721,100234,163.220000000,40
SBER,0,20170721,100234,163.220000000,40
SBER,0,20170721,100234,163.200000000,870
SBER,0,20170721,100235,163.230000000,60
SBER,0,20170721,100235,163.230000000,110
SBER,0,20170721,100235,163.200000000,40
SBER,0,20170721,100235,163.200000000,40
SBER,0,20170721,100236,163.200000000,430
SBER,0,20170721,100236,163.240000000,190
SBER,0,20170721,100236,163.240000000,220
SBER,0,20170721,100236,163.240000000,200
SBER,0,20170721,100236,163.240000000,190
SBER,0,20170721,100236,163.240000000,160
SBER,0,20170721,100237,163.240000000,2000
SBER,0,20170721,100237,163.240000000,2040
SBER,0,20170721,100238,163.240000000,940
SBER,0,20170721,100238,163.240000000,230
SBER,0,20170721,100239,163.240000000,2830
SBER,0,20170721,100239,163.240000000,970
SBER,0,20170721,100239,163.210000000,500
SBER,0,20170721,100239,163.210000000,1450
SBER,0,20170721,100239,163.270000000,640
SBER,0,20170721,100239,163.270000000,360
SBER,0,20170721,100239,163.270000000,250
SBER,0,20170721,100239,163.280000000,360
SBER,0,20170721,100241,163.230000000,50
SBER,0,20170721,100241,163.230000000,300
SBER,0,20170721,100243,163.280000000,10
SBER,0,20170721,100246,163.270000000,10
SBER,0,20170721,100246,163.270000000,10
SBER,0,20170721,100246,163.230000000,1200
SBER,0,20170721,100246,163.230000000,300
SBER,0,20170721,100246,163.230000000,510
SBER,0,20170721,100246,163.230000000,100
SBER,0,20170721,100246,163.230000000,970
SBER,0,20170721,100246,163.230000000,500
SBER,0,20170721,100246,163.230000000,1050
SBER,0,20170721,100248,163.210000000,300
SBER,0,20170721,100248,163.250000000,200
SBER,0,20170721,100251,163.220000000,50
SBER,0,20170721,100251,163.210000000,250
SBER,0,20170721,100251,163.210000000,400
SBER,0,20170721,100251,163.210000000,500
SBER,0,20170721,100251,163.210000000,150
SBER,0,20170721,100251,163.210000000,1970
SBER,0,20170721,100252,163.250000000,10
SBER,0,20170721,100254,163.250000000,240
SBER,0,20170721,100254,163.250000000,860
SBER,0,20170721,100254,163.250000000,110
SBER,0,20170721,100254,163.260000000,710
SBER,0,20170721,100254,163.270000000,430
SBER,0,20170721,100254,163.260000000,1000
SBER,0,20170721,100255,163.250000000,1000
SBER,0,20170721,100255,163.240000000,1000
SBER,0,20170721,100255,163.230000000,1000
SBER,0,20170721,100255,163.230000000,500
SBER,0,20170721,100255,163.220000000,1500
SBER,0,20170721,100255,163.240000000,780
SBER,0,20170721,100255,163.240000000,220
SBER,0,20170721,100257,163.280000000,330
SBER,0,20170721,100257,163.290000000,1000
SBER,0,20170721,100257,163.290000000,670
SBER,0,20170721,100257,163.220000000,50
SBER,0,20170721,100257,163.290000000,100
SBER,0,20170721,100257,163.220000000,500
SBER,0,20170721,100259,163.210000000,30
SBER,0,20170721,100259,163.210000000,220
SBER,0,20170721,100259,163.210000000,320
SBER,0,20170721,100259,163.210000000,770
SBER,0,20170721,100259,163.210000000,1300
SBER,0,20170721,100259,163.210000000,3000
SBER,0,20170721,100259,163.210000000,500
SBER,0,20170721,100259,163.210000000,700
SBER,0,20170721,100259,163.210000000,200
SBER,0,20170721,100259,163.210000000,200
SBER,0,20170721,100259,163.210000000,1400
SBER,0,20170721,100259,163.210000000,1700
SBER,0,20170721,100259,163.210000000,3000
SBER,0,20170721,100259,163.210000000,700
SBER,0,20170721,100259,163.210000000,2000
SBER,0,20170721,100259,163.230000000,10
SBER,0,20170721,100259,163.230000000,120
SBER,0,20170721,100300,163.210000000,1300
SBER,0,20170721,100300,163.210000000,200
SBER,0,20170721,100300,163.210000000,390
SBER,0,20170721,100301,163.230000000,880
SBER,0,20170721,100301,163.230000000,120
SBER,0,20170721,100301,163.210000000,580
SBER,0,20170721,100301,163.200000000,6790
SBER,0,20170721,100302,163.210000000,100
SBER,0,20170721,100302,163.230000000,250
SBER,0,20170721,100302,163.230000000,130
SBER,0,20170721,100302,163.230000000,800
SBER,0,20170721,100303,163.250000000,10
SBER,0,20170721,100303,163.220000000,500
SBER,0,20170721,100303,163.220000000,360
SBER,0,20170721,100304,163.220000000,90
SBER,0,20170721,100304,163.220000000,60
SBER,0,20170721,100304,163.200000000,1550
SBER,0,20170721,100304,163.200000000,100
SBER,0,20170721,100304,163.200000000,20
SBER,0,20170721,100304,163.200000000,100
SBER,0,20170721,100304,163.200000000,10
SBER,0,20170721,100304,163.200000000,50
SBER,0,20170721,100304,163.180000000,10
SBER,0,20170721,100304,163.180000000,50
SBER,0,20170721,100304,163.180000000,40
SBER,0,20170721,100304,163.180000000,60
SBER,0,20170721,100305,163.190000000,50
SBER,0,20170721,100305,163.200000000,1000
SBER,0,20170721,100305,163.210000000,1000
SBER,0,20170721,100305,163.170000000,200
SBER,0,20170721,100305,163.170000000,300
SBER,0,20170721,100305,163.170000000,800
SBER,0,20170721,100305,163.170000000,2700
SBER,0,20170721,100305,163.160000000,10
SBER,0,20170721,100305,163.160000000,10
SBER,0,20170721,100305,163.160000000,20
SBER,0,20170721,100305,163.160000000,10
SBER,0,20170721,100305,163.160000000,200
SBER,0,20170721,100305,163.130000000,20
SBER,0,20170721,100305,163.130000000,50
SBER,0,20170721,100305,163.130000000,10
SBER,0,20170721,100305,163.120000000,10
SBER,0,20170721,100305,163.120000000,10
SBER,0,20170721,100305,163.120000000,10
SBER,0,20170721,100305,163.120000000,30
SBER,0,20170721,100305,163.150000000,500
SBER,0,20170721,100305,163.160000000,50
SBER,0,20170721,100308,163.110000000,10
SBER,0,20170721,100308,163.110000000,10
SBER,0,20170721,100308,163.110000000,10
SBER,0,20170721,100308,163.110000000,90
SBER,0,20170721,100308,163.110000000,80
SBER,0,20170721,100308,163.110000000,150
SBER,0,20170721,100308,163.100000000,110
SBER,0,20170721,100308,163.100000000,10
SBER,0,20170721,100308,163.100000000,10
SBER,0,20170721,100308,163.100000000,2000
SBER,0,20170721,100308,163.100000000,50
SBER,0,20170721,100308,163.100000000,30
SBER,0,20170721,100308,163.090000000,20
SBER,0,20170721,100308,163.090000000,20
SBER,0,20170721,100308,163.080000000,10
SBER,0,20170721,100309,163.080000000,40
SBER,0,20170721,100309,163.080000000,10
SBER,0,20170721,100309,163.100000000,700
SBER,0,20170721,100310,163.080000000,1000
SBER,0,20170721,100310,163.070000000,800
SBER,0,20170721,100310,163.070000000,9200
SBER,0,20170721,100310,163.070000000,1000
SBER,0,20170721,100310,163.070000000,100
SBER,0,20170721,100310,163.070000000,150
SBER,0,20170721,100310,163.060000000,350
SBER,0,20170721,100310,163.060000000,50
SBER,0,20170721,100310,163.060000000,10
SBER,0,20170721,100310,163.050000000,10
SBER,0,20170721,100310,163.050000000,20
SBER,0,20170721,100310,163.050000000,20
SBER,0,20170721,100310,163.050000000,10
SBER,0,20170721,100310,163.030000000,20
SBER,0,20170721,100310,163.030000000,1160
SBER,0,20170721,100310,163.030000000,50
SBER,0,20170721,100310,163.030000000,10
SBER,0,20170721,100310,163.030000000,500
SBER,0,20170721,100310,163.030000000,20
SBER,0,20170721,100310,163.030000000,20
SBER,0,20170721,100310,163.030000000,10
SBER,0,20170721,100310,163.030000000,2000
SBER,0,20170721,100310,163.030000000,10
SBER,0,20170721,100310,163.030000000,90
SBER,0,20170721,100310,163.020000000,50
SBER,0,20170721,100310,163.020000000,70
SBER,0,20170721,100310,163.020000000,890
SBER,0,20170721,100310,163.020000000,4610
SBER,0,20170721,100310,163.010000000,10
SBER,0,20170721,100310,163.010000000,10
SBER,0,20170721,100310,163.010000000,10
SBER,0,20170721,100310,163.010000000,50
SBER,0,20170721,100310,163.010000000,30
SBER,0,20170721,100310,163.010000000,100
SBER,0,20170721,100310,163.010000000,3330
SBER,0,20170721,100310,163.010000000,10
SBER,0,20170721,100310,163.010000000,1000
SBER,0,20170721,100310,163.000000000,20
SBER,0,20170721,100310,163.000000000,10
SBER,0,20170721,100310,163.000000000,300
SBER,0,20170721,100310,163.000000000,10
SBER,0,20170721,100310,163.000000000,10
SBER,0,20170721,100310,163.000000000,50
SBER,0,20170721,100310,163.000000000,10440
SBER,0,20170721,100310,163.040000000,1000
SBER,0,20170721,100310,163.060000000,100
SBER,0,20170721,100310,163.000000000,3000
SBER,0,20170721,100310,163.000000000,500
SBER,0,20170721,100310,163.000000000,600
SBER,0,20170721,100310,163.000000000,2000
SBER,0,20170721,100310,163.000000000,650
SBER,0,20170721,100310,163.010000000,10
SBER,0,20170721,100310,163.030000000,520
SBER,0,20170721,100310,163.050000000,30
SBER,0,20170721,100310,163.050000000,100
SBER,0,20170721,100310,163.060000000,60
SBER,0,20170721,100310,163.060000000,10
SBER,0,20170721,100310,163.020000000,30
SBER,0,20170721,100310,163.010000000,60
SBER,0,20170721,100310,163.000000000,410
SBER,0,20170721,100310,163.060000000,1100
SBER,0,20170721,100310,163.020000000,1000
SBER,0,20170721,100310,163.010000000,500
SBER,0,20170721,100310,163.010000000,10
SBER,0,20170721,100310,163.000000000,950
SBER,0,20170721,100310,163.010000000,600
SBER,0,20170721,100310,163.010000000,4400
SBER,0,20170721,100310,163.080000000,40
SBER,0,20170721,100311,163.000000000,1300
SBER,0,20170721,100311,163.010000000,1000
SBER,0,20170721,100311,163.000000000,150
SBER,0,20170721,100311,163.000000000,1150
SBER,0,20170721,100311,163.000000000,350
SBER,0,20170721,100311,163.000000000,550
SBER,0,20170721,100311,163.000000000,9000
SBER,0,20170721,100311,163.000000000,2000
SBER,0,20170721,100311,163.070000000,100
SBER,0,20170721,100311,163.070000000,30
SBER,0,20170721,100311,163.000000000,10
SBER,0,20170721,100311,163.000000000,3500
SBER,0,20170721,100311,163.000000000,1500
SBER,0,20170721,100311,163.070000000,1870
SBER,0,20170721,100311,163.080000000,940
SBER,0,20170721,100311,163.090000000,250
SBER,0,20170721,100311,163.090000000,2750
SBER,0,20170721,100311,163.090000000,500
SBER,0,20170721,100311,163.090000000,3000
SBER,0,20170721,100311,163.020000000,100
SBER,0,20170721,100311,163.050000000,180
SBER,0,20170721,100311,163.080000000,300
SBER,0,20170721,100311,163.060000000,10
SBER,0,20170721,100311,163.060000000,10
SBER,0,20170721,100311,163.060000000,70
SBER,0,20170721,100311,163.050000000,70
SBER,0,20170721,100311,163.020000000,400
SBER,0,20170721,100311,163.010000000,180
SBER,0,20170721,100311,163.000000000,10780
SBER,0,20170721,100311,163.000000000,17550
SBER,0,20170721,100311,163.000000000,3760
SBER,0,20170721,100312,163.020000000,1000
SBER,0,20170721,100312,163.000000000,37480
SBER,0,20170721,100313,163.040000000,100
SBER,0,20170721,100313,163.040000000,10
SBER,0,20170721,100313,163.000000000,1000
SBER,0,20170721,100313,163.000000000,2500
SBER,0,20170721,100313,163.000000000,2500
SBER,0,20170721,100313,163.000000000,80
SBER,0,20170721,100314,163.020000000,1000
SBER,0,20170721,100314,163.030000000,250
SBER,0,20170721,100314,163.040000000,740
SBER,0,20170721,100315,163.030000000,2750
SBER,0,20170721,100315,163.000000000,6250
SBER,0,20170721,100315,163.000000000,1100
SBER,0,20170721,100315,163.000000000,3500
SBER,0,20170721,100315,163.000000000,700
SBER,0,20170721,100315,163.000000000,3100
SBER,0,20170721,100315,163.000000000,1500
SBER,0,20170721,100315,163.000000000,100
SBER,0,20170721,100315,163.000000000,200
SBER,0,20170721,100315,163.000000000,5480
SBER,0,20170721,100315,163.000000000,200
SBER,0,20170721,100315,163.000000000,320
SBER,0,20170721,100315,163.000000000,1500
SBER,0,20170721,100315,163.000000000,20
SBER,0,20170721,100315,163.000000000,300
SBER,0,20170721,100315,163.000000000,60
SBER,0,20170721,100315,163.000000000,10
SBER,0,20170721,100315,163.000000000,30
SBER,0,20170721,100315,163.000000000,10
SBER,0,20170721,100315,163.000000000,1000
SBER,0,20170721,100315,163.000000000,500
SBER,0,20170721,100315,163.000000000,10270
SBER,0,20170721,100315,163.000000000,3340
SBER,0,20170721,100315,163.000000000,4260
SBER,0,20170721,100315,163.000000000,1500
SBER,0,20170721,100315,163.000000000,1300
SBER,0,20170721,100315,163.000000000,1200
SBER,0,20170721,100315,163.000000000,10
SBER,0,20170721,100315,163.000000000,500
SBER,0,20170721,100315,163.000000000,30
SBER,0,20170721,100315,163.000000000,200
SBER,0,20170721,100315,163.000000000,1360
SBER,0,20170721,100315,163.000000000,140
SBER,0,20170721,100315,163.000000000,10
SBER,0,20170721,100315,163.000000000,1000
SBER,0,20170721,100315,163.000000000,10
SBER,0,20170721,100315,163.000000000,50
SBER,0,20170721,100315,163.000000000,40
SBER,0,20170721,100315,163.000000000,450
SBER,0,20170721,100315,163.000000000,500
SBER,0,20170721,100315,163.000000000,150
SBER,0,20170721,100315,163.000000000,970
SBER,0,20170721,100315,163.000000000,500
SBER,0,20170721,100315,163.000000000,7160
SBER,0,20170721,100315,163.000000000,1000
SBER,0,20170721,100315,163.000000000,110
SBER,0,20170721,100315,163.000000000,4700
SBER,0,20170721,100315,162.980000000,190
SBER,0,20170721,100315,162.980000000,3910
SBER,0,20170721,100315,162.980000000,1000
SBER,0,20170721,100315,162.980000000,760
SBER,0,20170721,100315,162.980000000,2140
SBER,0,20170721,100315,162.970000000,50
SBER,0,20170721,100315,162.960000000,50
SBER,0,20170721,100315,162.960000000,2950
SBER,0,20170721,100315,162.960000000,10
SBER,0,20170721,100315,162.960000000,4540
SBER,0,20170721,100315,162.950000000,20
SBER,0,20170721,100315,162.950000000,960
SBER,0,20170721,100315,162.940000000,500
SBER,0,20170721,100315,162.930000000,320
SBER,0,20170721,100315,162.940000000,1000
SBER,0,20170721,100315,162.950000000,100
SBER,0,20170721,100315,162.930000000,500
SBER,0,20170721,100316,162.930000000,2000
SBER,0,20170721,100316,162.930000000,1180
SBER,0,20170721,100316,162.920000000,50
SBER,0,20170721,100316,162.920000000,20
SBER,0,20170721,100316,162.910000000,50
SBER,0,20170721,100316,162.910000000,750
SBER,0,20170721,100316,162.910000000,5450
SBER,0,20170721,100316,162.910000000,100
SBER,0,20170721,100316,162.910000000,10
SBER,0,20170721,100316,162.900000000,570
SBER,0,20170721,100316,162.900000000,4380
SBER,0,20170721,100316,162.900000000,1000
SBER,0,20170721,100316,162.900000000,900
SBER,0,20170721,100316,162.900000000,120
SBER,0,20170721,100316,162.900000000,1000
SBER,0,20170721,100316,162.900000000,100
SBER,0,20170721,100316,162.900000000,100
SBER,0,20170721,100316,162.900000000,100
SBER,0,20170721,100316,162.900000000,1000
SBER,0,20170721,100316,162.900000000,100
SBER,0,20170721,100316,162.900000000,910
SBER,0,20170721,100316,162.900000000,820
SBER,0,20170721,100316,162.900000000,100
SBER,0,20170721,100316,162.900000000,1000
SBER,0,20170721,100316,162.900000000,820
SBER,0,20170721,100316,162.900000000,1000
SBER,0,20170721,100316,162.900000000,10
SBER,0,20170721,100316,162.900000000,190
SBER,0,20170721,100316,162.900000000,1000
SBER,0,20170721,100316,162.900000000,20
SBER,0,20170721,100316,162.900000000,1500
SBER,0,20170721,100316,162.900000000,20
SBER,0,20170721,100316,162.900000000,1000
SBER,0,20170721,100316,162.900000000,10
SBER,0,20170721,100316,162.900000000,1000
SBER,0,20170721,100316,162.900000000,1000
SBER,0,20170721,100316,162.900000000,510
SBER,0,20170721,100316,162.900000000,1000
SBER,0,20170721,100316,162.900000000,520
SBER,0,20170721,100316,162.900000000,20
SBER,0,20170721,100316,162.900000000,1000
SBER,0,20170721,100316,162.900000000,490
SBER,0,20170721,100316,162.900000000,510
SBER,0,20170721,100316,162.900000000,1000
SBER,0,20170721,100316,162.900000000,10
SBER,0,20170721,100316,162.900000000,520
SBER,0,20170721,100316,162.900000000,1000
SBER,0,20170721,100316,162.900000000,510
SBER,0,20170721,100316,162.900000000,1000
SBER,0,20170721,100316,162.900000000,10
SBER,0,20170721,100316,162.900000000,250
SBER,0,20170721,100316,162.870000000,230
SBER,0,20170721,100316,162.870000000,70
SBER,0,20170721,100316,162.870000000,50
SBER,0,20170721,100316,162.870000000,100
SBER,0,20170721,100316,162.860000000,10
SBER,0,20170721,100316,162.860000000,1000
SBER,0,20170721,100316,162.850000000,30
SBER,0,20170721,100316,162.850000000,1000
SBER,0,20170721,100316,162.840000000,20
SBER,0,20170721,100316,162.840000000,1000
SBER,0,20170721,100316,162.830000000,500
SBER,0,20170721,100316,162.830000000,10
SBER,0,20170721,100316,162.830000000,10
SBER,0,20170721,100316,162.820000000,30
SBER,0,20170721,100316,162.820000000,100
SBER,0,20170721,100316,162.820000000,50
SBER,0,20170721,100316,162.820000000,10
SBER,0,20170721,100316,162.820000000,500
SBER,0,20170721,100316,162.810000000,300
SBER,0,20170721,100316,162.810000000,7160
SBER,0,20170721,100316,162.880000000,10
SBER,0,20170721,100316,162.870000000,1000
SBER,0,20170721,100316,162.880000000,250
SBER,0,20170721,100316,162.880000000,260
SBER,0,20170721,100316,162.890000000,1000
SBER,0,20170721,100316,162.890000000,10
SBER,0,20170721,100316,162.900000000,50
SBER,0,20170721,100316,162.900000000,200
SBER,0,20170721,100317,162.850000000,110
SBER,0,20170721,100317,162.900000000,70
SBER,0,20170721,100317,162.900000000,10
SBER,0,20170721,100317,162.890000000,30
SBER,0,20170721,100317,162.880000000,490
SBER,0,20170721,100317,162.880000000,30
SBER,0,20170721,100317,162.900000000,80
SBER,0,20170721,100317,162.910000000,10
SBER,0,20170721,100318,162.900000000,30
SBER,0,20170721,100318,162.910000000,160
SBER,0,20170721,100318,162.920000000,250
SBER,0,20170721,100318,162.950000000,50
SBER,0,20170721,100318,162.960000000,270
SBER,0,20170721,100318,162.960000000,270
SBER,0,20170721,100318,162.950000000,30
SBER,0,20170721,100318,162.930000000,30
SBER,0,20170721,100318,162.930000000,970
SBER,0,20170721,100318,162.920000000,1000
SBER,0,20170721,100318,162.920000000,10
SBER,0,20170721,100318,162.910000000,890
SBER,0,20170721,100318,162.900000000,3000
SBER,0,20170721,100318,162.890000000,500
SBER,0,20170721,100318,162.880000000,30
SBER,0,20170721,100318,162.870000000,30
SBER,0,20170721,100318,162.860000000,1000
SBER,0,20170721,100318,162.860000000,30
SBER,0,20170721,100318,162.850000000,540
SBER,0,20170721,100319,162.990000000,280
SBER,0,20170721,100319,162.990000000,500
SBER,0,20170721,100319,162.990000000,220
SBER,0,20170721,100319,162.950000000,30
SBER,0,20170721,100319,162.900000000,1000
SBER,0,20170721,100319,162.880000000,650
SBER,0,20170721,100319,162.940000000,500
SBER,0,20170721,100319,162.950000000,1000
SBER,0,20170721,100319,162.950000000,250
SBER,0,20170721,100319,162.960000000,1000
SBER,0,20170721,100319,162.960000000,250
SBER,0,20170721,100320,162.900000000,10
SBER,0,20170721,100321,162.830000000,60
SBER,0,20170721,100321,162.870000000,3000
SBER,0,20170721,100321,162.880000000,1000
SBER,0,20170721,100321,162.880000000,690
SBER,0,20170721,100321,162.870000000,1000
SBER,0,20170721,100321,162.930000000,250
SBER,0,20170721,100321,162.940000000,2190
SBER,0,20170721,100321,162.950000000,970
SBER,0,20170721,100321,162.960000000,500
SBER,0,20170721,100321,162.960000000,530
SBER,0,20170721,100321,162.970000000,10
SBER,0,20170721,100322,162.940000000,620
SBER,0,20170721,100323,162.900000000,600
SBER,0,20170721,100325,162.870000000,1000
SBER,0,20170721,100325,162.850000000,2460
SBER,0,20170721,100325,162.850000000,970
SBER,0,20170721,100325,162.840000000,1000
SBER,0,20170721,100325,162.830000000,440
SBER,0,20170721,100325,162.830000000,1000
SBER,0,20170721,100325,162.820000000,3000
SBER,0,20170721,100325,162.820000000,10
SBER,0,20170721,100325,162.820000000,1000
SBER,0,20170721,100325,162.810000000,2840
SBER,0,20170721,100325,162.810000000,1000
SBER,0,20170721,100325,162.810000000,500
SBER,0,20170721,100325,162.800000000,1500
SBER,0,20170721,100325,162.800000000,250
SBER,0,20170721,100325,162.800000000,10
SBER,0,20170721,100325,162.790000000,3000
SBER,0,20170721,100325,162.780000000,210
SBER,0,20170721,100325,162.770000000,50
SBER,0,20170721,100325,162.760000000,2200
SBER,0,20170721,100325,162.760000000,640
SBER,0,20170721,100325,162.770000000,30
SBER,0,20170721,100325,162.820000000,770
SBER,0,20170721,100325,162.830000000,770
SBER,0,20170721,100325,162.820000000,930
SBER,0,20170721,100325,162.830000000,2070
SBER,0,20170721,100326,162.830000000,1000
SBER,0,20170721,100326,162.770000000,450
SBER,0,20170721,100326,162.770000000,450
SBER,0,20170721,100326,162.830000000,30
SBER,0,20170721,100326,162.770000000,100
SBER,0,20170721,100326,162.760000000,600
SBER,0,20170721,100326,162.770000000,100
SBER,0,20170721,100326,162.780000000,30
SBER,0,20170721,100326,162.780000000,80
SBER,0,20170721,100326,162.780000000,10000
SBER,0,20170721,100326,162.780000000,10
SBER,0,20170721,100326,162.780000000,9880
SBER,0,20170721,100327,162.820000000,10
SBER,0,20170721,100327,162.820000000,2990
SBER,0,20170721,100327,162.850000000,1000
SBER,0,20170721,100327,162.870000000,170
SBER,0,20170721,100327,162.840000000,740
SBER,0,20170721,100327,162.830000000,3000
SBER,0,20170721,100327,162.830000000,1000
SBER,0,20170721,100327,162.820000000,480
SBER,0,20170721,100327,162.890000000,400
SBER,0,20170721,100328,162.820000000,50
SBER,0,20170721,100329,162.800000000,1000
SBER,0,20170721,100329,162.790000000,10
SBER,0,20170721,100329,162.780000000,1490
SBER,0,20170721,100329,162.800000000,610
SBER,0,20170721,100330,162.830000000,100
SBER,0,20170721,100330,162.830000000,50
SBER,0,20170721,100330,162.840000000,1000
SBER,0,20170721,100330,162.840000000,1000
SBER,0,20170721,100330,162.840000000,3000
SBER,0,20170721,100330,162.850000000,1000
SBER,0,20170721,100330,162.850000000,500
SBER,0,20170721,100330,162.860000000,3000
SBER,0,20170721,100330,162.860000000,450
SBER,0,20170721,100330,162.810000000,10
SBER,0,20170721,100330,162.800000000,730
SBER,0,20170721,100330,162.780000000,30
SBER,0,20170721,100330,162.810000000,10
SBER,0,20170721,100331,162.800000000,20
SBER,0,20170721,100331,162.780000000,5800
SBER,0,20170721,100331,162.770000000,180
SBER,0,20170721,100331,162.780000000,50
SBER,0,20170721,100331,162.780000000,500
SBER,0,20170721,100331,162.830000000,10
SBER,0,20170721,100332,162.830000000,50
SBER,0,20170721,100332,162.770000000,630
SBER,0,20170721,100332,162.830000000,2940
SBER,0,20170721,100332,162.830000000,1000
SBER,0,20170721,100332,162.830000000,80
SBER,0,20170721,100332,162.830000000,980
SBER,0,20170721,100333,162.820000000,40
SBER,0,20170721,100333,162.800000000,500
SBER,0,20170721,100333,162.800000000,1590
SBER,0,20170721,100334,162.800000000,260
SBER,0,20170721,100334,162.800000000,20
SBER,0,20170721,100334,162.800000000,20
SBER,0,20170721,100335,162.800000000,60
SBER,0,20170721,100335,162.800000000,90
SBER,0,20170721,100335,162.810000000,350
SBER,0,20170721,100335,162.780000000,100
SBER,0,20170721,100335,162.800000000,20
SBER,0,20170721,100336,162.780000000,360
SBER,0,20170721,100336,162.770000000,640
SBER,0,20170721,100336,162.800000000,50
SBER,0,20170721,100336,162.770000000,160
SBER,0,20170721,100336,162.770000000,1780
SBER,0,20170721,100336,162.770000000,10
SBER,0,20170721,100337,162.800000000,50
SBER,0,20170721,100337,162.800000000,300
SBER,0,20170721,100337,162.800000000,10
SBER,0,20170721,100338,162.780000000,30
SBER,0,20170721,100338,162.800000000,500
SBER,0,20170721,100338,162.800000000,200
SBER,0,20170721,100338,162.820000000,10
SBER,0,20170721,100338,162.830000000,50
SBER,0,20170721,100338,162.830000000,700
SBER,0,20170721,100338,162.830000000,1000
SBER,0,20170721,100338,162.840000000,1000
SBER,0,20170721,100338,162.840000000,1000
SBER,0,20170721,100338,162.840000000,100
SBER,0,20170721,100338,162.840000000,3000
SBER,0,20170721,100338,162.860000000,200
SBER,0,20170721,100338,162.880000000,3000
SBER,0,20170721,100338,162.880000000,1000
SBER,0,20170721,100338,162.900000000,1000
SBER,0,20170721,100338,162.900000000,100
SBER,0,20170721,100338,162.920000000,3000
SBER,0,20170721,100338,162.920000000,1000
SBER,0,20170721,100338,162.940000000,2380
SBER,0,20170721,100338,162.940000000,1000
SBER,0,20170721,100338,162.960000000,3000
SBER,0,20170721,100338,162.960000000,1000
SBER,0,20170721,100338,162.980000000,3000
SBER,0,20170721,100338,162.980000000,10
SBER,0,20170721,100338,162.990000000,6100
SBER,0,20170721,100338,162.990000000,6650
SBER,0,20170721,100338,162.920000000,1000
SBER,0,20170721,100338,162.870000000,10
SBER,0,20170721,100338,162.850000000,3000
SBER,0,20170721,100338,162.840000000,1000
SBER,0,20170721,100338,162.830000000,3000
SBER,0,20170721,100338,162.830000000,1000
SBER,0,20170721,100338,162.810000000,500
SBER,0,20170721,100338,162.800000000,1000
SBER,0,20170721,100338,162.780000000,1470
SBER,0,20170721,100338,162.780000000,1000
SBER,0,20170721,100338,162.780000000,3000
SBER,0,20170721,100338,162.770000000,6650
SBER,0,20170721,100338,162.770000000,11150
SBER,0,20170721,100338,162.770000000,17230
SBER,0,20170721,100338,162.840000000,300
SBER,0,20170721,100338,162.830000000,180
SBER,0,20170721,100339,162.840000000,10
SBER,0,20170721,100339,162.830000000,10
SBER,0,20170721,100339,162.830000000,780
SBER,0,20170721,100339,162.800000000,200
SBER,0,20170721,100339,162.790000000,100
SBER,0,20170721,100339,162.760000000,900
SBER,0,20170721,100339,162.760000000,100
SBER,0,20170721,100339,162.760000000,10
SBER,0,20170721,100339,162.760000000,100
SBER,0,20170721,100339,162.770000000,1000
SBER,0,20170721,100339,162.780000000,1000
SBER,0,20170721,100339,162.790000000,100
SBER,0,20170721,100339,162.790000000,10
SBER,0,20170721,100340,162.790000000,40
SBER,0,20170721,100340,162.770000000,100
SBER,0,20170721,100340,162.760000000,1000
SBER,0,20170721,100340,162.770000000,1000
SBER,0,20170721,100340,162.770000000,100
SBER,0,20170721,100340,162.760000000,2110
SBER,0,20170721,100340,162.760000000,890
SBER,0,20170721,100340,162.820000000,820
SBER,0,20170721,100340,162.830000000,10
SBER,0,20170721,100340,162.830000000,1000
SBER,0,20170721,100341,162.860000000,1000
SBER,0,20170721,100341,162.870000000,2300
SBER,0,20170721,100341,162.890000000,10
SBER,0,20170721,100341,162.870000000,100
SBER,0,20170721,100341,162.900000000,100
SBER,0,20170721,100341,162.890000000,150
SBER,0,20170721,100342,162.890000000,10
SBER,0,20170721,100342,162.920000000,100
SBER,0,20170721,100343,162.890000000,10
SBER,0,20170721,100344,162.940000000,400
SBER,0,20170721,100344,162.910000000,3000
SBER,0,20170721,100344,162.900000000,150
SBER,0,20170721,100344,162.890000000,280
SBER,0,20170721,100344,162.890000000,250
SBER,0,20170721,100344,162.880000000,450
SBER,0,20170721,100345,162.990000000,280
SBER,0,20170721,100345,162.950000000,2270
SBER,0,20170721,100345,162.990000000,40
SBER,0,20170721,100345,162.940000000,150
SBER,0,20170721,100346,162.960000000,10
SBER,0,20170721,100346,162.920000000,2250
SBER,0,20170721,100346,162.980000000,10
SBER,0,20170721,100346,162.980000000,10
SBER,0,20170721,100347,162.980000000,10
SBER,0,20170721,100347,162.960000000,10
SBER,0,20170721,100347,162.920000000,580
SBER,0,20170721,100347,162.980000000,970
SBER,0,20170721,100347,162.980000000,80
SBER,0,20170721,100347,162.980000000,80
SBER,0,20170721,100347,162.990000000,960
SBER,0,20170721,100347,162.990000000,500
SBER,0,20170721,100347,163.000000000,1000
SBER,0,20170721,100347,163.000000000,100
SBER,0,20170721,100347,163.000000000,1310
SBER,0,20170721,100347,162.980000000,80
SBER,0,20170721,100348,162.970000000,10
SBER,0,20170721,100348,162.980000000,10
SBER,0,20170721,100348,162.980000000,990
SBER,0,20170721,100348,162.990000000,110
SBER,0,20170721,100348,162.920000000,170
SBER,0,20170721,100348,162.980000000,10
SBER,0,20170721,100349,162.960000000,10
SBER,0,20170721,100349,162.960000000,400
SBER,0,20170721,100349,162.910000000,3000
SBER,0,20170721,100349,162.900000000,9060
SBER,0,20170721,100349,162.960000000,3000
SBER,0,20170721,100349,162.990000000,50
SBER,0,20170721,100350,162.980000000,10
SBER,0,20170721,100350,162.980000000,10
SBER,0,20170721,100351,162.960000000,10
SBER,0,20170721,100351,162.930000000,490
SBER,0,20170721,100351,162.990000000,10
SBER,0,20170721,100351,162.980000000,10
SBER,0,20170721,100352,162.990000000,960
SBER,0,20170721,100352,162.990000000,240
SBER,0,20170721,100352,163.000000000,2800
SBER,0,20170721,100352,162.990000000,900
SBER,0,20170721,100353,162.980000000,10
SBER,0,20170721,100353,162.990000000,20
SBER,0,20170721,100353,162.990000000,50
SBER,0,20170721,100353,163.000000000,7200
SBER,0,20170721,100353,163.000000000,1800
SBER,0,20170721,100353,163.000000000,3060
SBER,0,20170721,100353,163.000000000,5830
SBER,0,20170721,100353,163.000000000,1870
SBER,0,20170721,100353,163.000000000,1500
SBER,0,20170721,100353,163.000000000,1300
SBER,0,20170721,100353,163.000000000,1000
SBER,0,20170721,100353,163.000000000,1200
SBER,0,20170721,100353,163.000000000,1300
SBER,0,20170721,100353,163.000000000,1600
SBER,0,20170721,100353,163.000000000,1500
SBER,0,20170721,100353,163.000000000,1000
SBER,0,20170721,100353,163.000000000,1000
SBER,0,20170721,100353,163.000000000,1800
SBER,0,20170721,100353,163.000000000,2770
SBER,0,20170721,100353,163.000000000,24940
SBER,0,20170721,100353,163.000000000,10820
SBER,0,20170721,100353,163.000000000,240
SBER,0,20170721,100353,163.000000000,300
SBER,0,20170721,100353,163.000000000,270
SBER,0,20170721,100353,163.100000000,900
SBER,0,20170721,100353,163.050000000,1000
SBER,0,20170721,100353,163.060000000,10
SBER,0,20170721,100353,163.060000000,1100
SBER,0,20170721,100353,163.060000000,150
SBER,0,20170721,100353,163.060000000,10
SBER,0,20170721,100354,163.060000000,1100
SBER,0,20170721,100354,163.080000000,3000
SBER,0,20170721,100354,163.080000000,790
SBER,0,20170721,100354,163.060000000,10
SBER,0,20170721,100354,163.070000000,1000
SBER,0,20170721,100354,163.080000000,240
SBER,0,20170721,100354,163.070000000,10
SBER,0,20170721,100354,163.070000000,10
SBER,0,20170721,100354,163.070000000,10
SBER,0,20170721,100355,163.070000000,300
SBER,0,20170721,100355,163.070000000,200
SBER,0,20170721,100355,163.080000000,10
SBER,0,20170721,100355,163.060000000,10
SBER,0,20170721,100355,163.040000000,10
SBER,0,20170721,100355,163.030000000,280
SBER,0,20170721,100355,163.080000000,10
SBER,0,20170721,100355,163.080000000,10
SBER,0,20170721,100356,163.090000000,20
SBER,0,20170721,100356,163.080000000,10
SBER,0,20170721,100356,163.070000000,710
SBER,0,20170721,100356,163.090000000,10
SBER,0,20170721,100356,163.090000000,10
SBER,0,20170721,100356,163.090000000,10
SBER,0,20170721,100357,163.090000000,10
SBER,0,20170721,100357,163.090000000,10
SBER,0,20170721,100357,163.080000000,10
SBER,0,20170721,100357,163.090000000,30
SBER,0,20170721,100357,163.080000000,10
SBER,0,20170721,100357,163.080000000,10
SBER,0,20170721,100357,163.080000000,10
SBER,0,20170721,100357,163.070000000,10
SBER,0,20170721,100357,163.070000000,10
SBER,0,20170721,100357,163.060000000,800
SBER,0,20170721,100357,163.050000000,10
SBER,0,20170721,100357,163.040000000,10
SBER,0,20170721,100357,163.030000000,2160
SBER,0,20170721,100357,163.080000000,10
SBER,0,20170721,100358,163.060000000,10
SBER,0,20170721,100358,163.060000000,10
SBER,0,20170721,100358,163.070000000,10
SBER,0,20170721,100358,163.010000000,280
SBER,0,20170721,100358,163.010000000,620
SBER,0,20170721,100358,163.060000000,10
SBER,0,20170721,100358,163.060000000,10
SBER,0,20170721,100358,163.000000000,500
SBER,0,20170721,100358,163.000000000,10
SBER,0,20170721,100359,162.950000000,200
SBER,0,20170721,100359,163.020000000,10
SBER,0,20170721,100359,163.000000000,10
SBER,0,20170721,100400,162.990000000,10
SBER,0,20170721,100400,162.970000000,30
SBER,0,20170721,100401,163.000000000,10
SBER,0,20170721,100402,163.000000000,10
SBER,0,20170721,100402,163.000000000,10
SBER,0,20170721,100402,162.980000000,40
SBER,0,20170721,100402,162.970000000,20
SBER,0,20170721,100402,162.970000000,10
SBER,0,20170721,100402,162.970000000,40
SBER,0,20170721,100403,162.970000000,40
SBER,0,20170721,100403,162.950000000,30
SBER,0,20170721,100403,162.940000000,20
SBER,0,20170721,100403,162.950000000,30
SBER,0,20170721,100405,162.950000000,740
SBER,0,20170721,100406,162.940000000,10
SBER,0,20170721,100406,162.940000000,530
SBER,0,20170721,100406,162.940000000,240
SBER,0,20170721,100407,162.940000000,260
SBER,0,20170721,100407,162.960000000,1000
SBER,0,20170721,100407,162.970000000,970
SBER,0,20170721,100407,162.970000000,10
SBER,0,20170721,100407,162.980000000,3000
SBER,0,20170721,100407,162.980000000,1000
SBER,0,20170721,100407,162.990000000,1000
SBER,0,20170721,100407,162.990000000,20
SBER,0,20170721,100407,162.990000000,2000
SBER,0,20170721,100407,163.000000000,50
SBER,0,20170721,100407,163.000000000,10
SBER,0,20170721,100407,163.010000000,50
SBER,0,20170721,100407,163.020000000,500
SBER,0,20170721,100407,163.030000000,390
SBER,0,20170721,100408,162.940000000,1000
SBER,0,20170721,100408,162.930000000,1000
SBER,0,20170721,100408,162.980000000,150
SBER,0,20170721,100408,162.940000000,710
SBER,0,20170721,100408,162.980000000,1000
SBER,0,20170721,100408,162.990000000,10
SBER,0,20170721,100408,162.990000000,1990
SBER,0,20170721,100409,162.940000000,290
SBER,0,20170721,100409,162.980000000,1000
SBER,0,20170721,100410,162.980000000,1000
SBER,0,20170721,100410,162.990000000,3000
SBER,0,20170721,100410,163.000000000,910
SBER,0,20170721,100410,163.000000000,1000
SBER,0,20170721,100410,163.010000000,3000
SBER,0,20170721,100410,163.010000000,1000
SBER,0,20170721,100410,163.010000000,700
SBER,0,20170721,100410,163.010000000,3000
SBER,0,20170721,100410,163.010000000,4000
SBER,0,20170721,100410,163.010000000,1200
SBER,0,20170721,100410,163.010000000,11190
SBER,0,20170721,100410,162.980000000,1000
SBER,0,20170721,100410,162.980000000,1000
SBER,0,20170721,100410,162.970000000,1000
SBER,0,20170721,100410,162.960000000,700
SBER,0,20170721,100410,162.950000000,790
SBER,0,20170721,100410,162.950000000,630
SBER,0,20170721,100410,162.950000000,1000
SBER,0,20170721,100410,163.000000000,290
SBER,0,20170721,100410,163.000000000,1100
SBER,0,20170721,100410,163.000000000,1210
SBER,0,20170721,100410,162.980000000,680
SBER,0,20170721,100410,162.990000000,270
SBER,0,20170721,100410,163.000000000,1440
SBER,0,20170721,100410,163.000000000,5610
SBER,0,20170721,100411,162.950000000,100
SBER,0,20170721,100411,162.950000000,300
SBER,0,20170721,100411,162.930000000,10
SBER,0,20170721,100411,162.930000000,50
SBER,0,20170721,100411,162.930000000,940
SBER,0,20170721,100412,162.960000000,1000
SBER,0,20170721,100412,162.970000000,1000
SBER,0,20170721,100412,162.970000000,3000
SBER,0,20170721,100412,162.980000000,500
SBER,0,20170721,100412,162.920000000,50
SBER,0,20170721,100412,162.920000000,10
SBER,0,20170721,100412,162.920000000,1000
SBER,0,20170721,100412,162.920000000,940
SBER,0,20170721,100412,162.920000000,3060
SBER,0,20170721,100412,162.920000000,1000
SBER,0,20170721,100412,162.950000000,1000
SBER,0,20170721,100412,162.960000000,1000
SBER,0,20170721,100412,162.940000000,150
SBER,0,20170721,100412,162.940000000,30
SBER,0,20170721,100413,162.910000000,500
SBER,0,20170721,100413,162.910000000,440
SBER,0,20170721,100413,162.950000000,50
SBER,0,20170721,100414,162.950000000,1000
SBER,0,20170721,100414,162.960000000,950
SBER,0,20170721,100414,162.970000000,3000
SBER,0,20170721,100414,162.970000000,1000
SBER,0,20170721,100414,162.980000000,1000
SBER,0,20170721,100414,162.990000000,10
SBER,0,20170721,100414,162.990000000,390
SBER,0,20170721,100414,163.000000000,2650
SBER,0,20170721,100414,162.940000000,3840
SBER,0,20170721,100414,162.940000000,870
SBER,0,20170721,100414,162.960000000,1000
SBER,0,20170721,100414,162.970000000,1000
SBER,0,20170721,100414,162.980000000,1000
SBER,0,20170721,100414,162.990000000,710
SBER,0,20170721,100414,163.000000000,20300
SBER,0,20170721,100414,163.010000000,1100
SBER,0,20170721,100414,163.010000000,1000
SBER,0,20170721,100414,163.030000000,3000
SBER,0,20170721,100414,163.040000000,50
SBER,0,20170721,100414,163.040000000,1000
SBER,0,20170721,100414,163.050000000,3000
SBER,0,20170721,100414,163.060000000,1000
SBER,0,20170721,100414,163.070000000,2990
SBER,0,20170721,100414,163.080000000,500
SBER,0,20170721,100414,163.080000000,1100
SBER,0,20170721,100415,163.000000000,60
SBER,0,20170721,100415,163.000000000,10
SBER,0,20170721,100415,162.980000000,10
SBER,0,20170721,100416,162.960000000,750
SBER,0,20170721,100416,163.000000000,10
SBER,0,20170721,100416,162.950000000,3000
SBER,0,20170721,100416,162.950000000,1000
SBER,0,20170721,100416,162.950000000,1000
SBER,0,20170721,100416,162.950000000,100
SBER,0,20170721,100417,162.970000000,10
SBER,0,20170721,100417,162.940000000,40
SBER,0,20170721,100417,162.940000000,610
SBER,0,20170721,100417,162.960000000,10
SBER,0,20170721,100417,162.950000000,1000
SBER,0,20170721,100417,162.940000000,320
SBER,0,20170721,100417,162.940000000,1000
SBER,0,20170721,100417,162.940000000,660
SBER,0,20170721,100417,162.980000000,30
SBER,0,20170721,100418,162.930000000,10
SBER,0,20170721,100418,162.980000000,1000
SBER,0,20170721,100418,162.990000000,3000
SBER,0,20170721,100418,162.990000000,1000
SBER,0,20170721,100418,163.000000000,750
SBER,0,20170721,100418,163.010000000,1000
SBER,0,20170721,100418,163.020000000,3000
SBER,0,20170721,100418,163.020000000,250
SBER,0,20170721,100418,162.990000000,1000
SBER,0,20170721,100418,163.000000000,2300
SBER,0,20170721,100418,162.980000000,820
SBER,0,20170721,100419,162.980000000,250
SBER,0,20170721,100419,163.000000000,3000
SBER,0,20170721,100419,163.000000000,3000
SBER,0,20170721,100419,163.000000000,5200
SBER,0,20170721,100419,163.000000000,2500
SBER,0,20170721,100419,163.000000000,600
SBER,0,20170721,100419,163.000000000,400
SBER,0,20170721,100419,163.000000000,4100
SBER,0,20170721,100419,162.990000000,400
SBER,0,20170721,100419,162.990000000,50
SBER,0,20170721,100419,162.980000000,150
SBER,0,20170721,100419,162.980000000,1000
SBER,0,20170721,100419,162.970000000,10
SBER,0,20170721,100419,162.970000000,340
SBER,0,20170721,100419,162.970000000,550
SBER,0,20170721,100419,162.970000000,110
SBER,0,20170721,100419,162.960000000,10
SBER,0,20170721,100419,162.960000000,380
SBER,0,20170721,100420,163.010000000,10
SBER,0,20170721,100420,163.000000000,10
SBER,0,20170721,100420,162.980000000,10
SBER,0,20170721,100420,163.000000000,10
SBER,0,20170721,100421,163.000000000,10
SBER,0,20170721,100421,163.000000000,50
SBER,0,20170721,100423,163.000000000,1000
SBER,0,20170721,100423,163.010000000,2000
SBER,0,20170721,100423,162.990000000,10
SBER,0,20170721,100423,162.970000000,1000
SBER,0,20170721,100423,162.990000000,1000
SBER,0,20170721,100423,163.000000000,810
SBER,0,20170721,100423,163.000000000,190
SBER,0,20170721,100424,162.980000000,120
SBER,0,20170721,100424,162.980000000,10
SBER,0,20170721,100425,162.990000000,10
SBER,0,20170721,100426,162.990000000,10
SBER,0,20170721,100427,162.970000000,10
SBER,0,20170721,100428,162.970000000,10
SBER,0,20170721,100428,162.970000000,10
SBER,0,20170721,100429,162.970000000,10
SBER,0,20170721,100429,162.960000000,50
SBER,0,20170721,100429,162.960000000,40
SBER,0,20170721,100429,162.950000000,80
SBER,0,20170721,100429,162.960000000,1000
SBER,0,20170721,100429,162.970000000,1970
SBER,0,20170721,100429,162.970000000,1000
SBER,0,20170721,100429,162.980000000,3000
SBER,0,20170721,100429,162.980000000,800
SBER,0,20170721,100429,162.990000000,230
SBER,0,20170721,100429,162.970000000,50
SBER,0,20170721,100429,162.970000000,1000
SBER,0,20170721,100429,162.980000000,910
SBER,0,20170721,100430,162.970000000,10
SBER,0,20170721,100430,162.970000000,990
SBER,0,20170721,100430,162.980000000,500
SBER,0,20170721,100430,162.980000000,3000
SBER,0,20170721,100430,162.980000000,1000
SBER,0,20170721,100430,162.970000000,280
SBER,0,20170721,100430,162.960000000,920
SBER,0,20170721,100430,162.960000000,800
SBER,0,20170721,100430,162.980000000,10
SBER,0,20170721,100431,162.970000000,10
SBER,0,20170721,100431,162.960000000,6000
SBER,0,20170721,100431,162.960000000,1500
SBER,0,20170721,100431,162.950000000,1920
SBER,0,20170721,100431,162.950000000,970
SBER,0,20170721,100431,162.940000000,10
SBER,0,20170721,100431,162.940000000,10
SBER,0,20170721,100431,162.940000000,1000
SBER,0,20170721,100431,162.950000000,100
SBER,0,20170721,100432,162.950000000,1000
SBER,0,20170721,100432,162.960000000,1000
SBER,0,20170721,100432,162.960000000,3900
SBER,0,20170721,100432,162.960000000,3900
SBER,0,20170721,100432,162.960000000,200
SBER,0,20170721,100432,162.950000000,620
SBER,0,20170721,100432,162.960000000,200
SBER,0,20170721,100432,162.960000000,200
SBER,0,20170721,100432,162.960000000,200
SBER,0,20170721,100432,162.970000000,3000
SBER,0,20170721,100432,162.970000000,1000
SBER,0,20170721,100432,162.980000000,650
SBER,0,20170721,100432,162.980000000,1340
SBER,0,20170721,100432,162.990000000,3000
SBER,0,20170721,100432,162.950000000,110
SBER,0,20170721,100433,162.990000000,300
SBER,0,20170721,100433,162.980000000,10
SBER,0,20170721,100434,162.980000000,10
SBER,0,20170721,100434,162.960000000,860
SBER,0,20170721,100435,162.960000000,700
SBER,0,20170721,100435,162.970000000,10
SBER,0,20170721,100436,162.970000000,50
SBER,0,20170721,100436,162.960000000,10
SBER,0,20170721,100436,162.950000000,60
SBER,0,20170721,100436,162.960000000,10
SBER,0,20170721,100436,162.960000000,490
SBER,0,20170721,100436,162.970000000,20
SBER,0,20170721,100436,162.980000000,60
SBER,0,20170721,100436,162.990000000,90
SBER,0,20170721,100436,162.950000000,900
SBER,0,20170721,100436,162.950000000,10
SBER,0,20170721,100436,162.950000000,990
SBER,0,20170721,100436,162.940000000,1000
SBER,0,20170721,100436,162.950000000,700
SBER,0,20170721,100436,162.950000000,300
SBER,0,20170721,100436,162.950000000,1600
SBER,0,20170721,100436,162.950000000,400
SBER,0,20170721,100436,162.930000000,200
SBER,0,20170721,100436,162.930000000,1200
SBER,0,20170721,100436,162.940000000,600
SBER,0,20170721,100436,162.940000000,1400
SBER,0,20170721,100436,162.940000000,1000
SBER,0,20170721,100436,162.940000000,1000
SBER,0,20170721,100436,162.940000000,3000
SBER,0,20170721,100436,162.940000000,3000
SBER,0,20170721,100436,162.930000000,600
SBER,0,20170721,100436,162.930000000,400
SBER,0,20170721,100436,162.930000000,2000
SBER,0,20170721,100436,162.930000000,600
SBER,0,20170721,100436,162.930000000,600
SBER,0,20170721,100436,162.930000000,300
SBER,0,20170721,100436,162.980000000,10
SBER,0,20170721,100436,162.940000000,1000
SBER,0,20170721,100436,162.930000000,800
SBER,0,20170721,100436,162.930000000,900
SBER,0,20170721,100436,162.930000000,1000
SBER,0,20170721,100436,162.930000000,1000
SBER,0,20170721,100436,162.950000000,10
SBER,0,20170721,100437,162.950000000,500
SBER,0,20170721,100438,162.950000000,10
SBER,0,20170721,100439,162.920000000,50
SBER,0,20170721,100439,162.920000000,40
SBER,0,20170721,100439,162.910000000,60
SBER,0,20170721,100439,162.910000000,10
SBER,0,20170721,100439,162.910000000,300
SBER,0,20170721,100439,162.910000000,130
SBER,0,20170721,100439,162.910000000,880
SBER,0,20170721,100439,162.910000000,20
SBER,0,20170721,100442,162.940000000,10
SBER,0,20170721,100442,162.940000000,10
SBER,0,20170721,100443,162.940000000,10
SBER,0,20170721,100443,162.950000000,10
SBER,0,20170721,100443,162.950000000,690
SBER,0,20170721,100443,162.970000000,10
SBER,0,20170721,100445,162.960000000,10
SBER,0,20170721,100446,162.950000000,100
SBER,0,20170721,100446,162.940000000,1000
SBER,0,20170721,100447,162.950000000,10
SBER,0,20170721,100447,162.940000000,10
SBER,0,20170721,100447,162.930000000,10
SBER,0,20170721,100447,162.930000000,10
SBER,0,20170721,100447,162.910000000,20
SBER,0,20170721,100447,162.900000000,300
SBER,0,20170721,100447,162.900000000,700
SBER,0,20170721,100447,162.900000000,1000
SBER,0,20170721,100447,162.900000000,1300
SBER,0,20170721,100447,162.900000000,1150
SBER,0,20170721,100447,162.900000000,70
SBER,0,20170721,100447,162.900000000,5480
SBER,0,20170721,100447,162.900000000,1020
SBER,0,20170721,100447,162.900000000,1000
SBER,0,20170721,100447,162.880000000,10
SBER,0,20170721,100447,162.880000000,500
SBER,0,20170721,100447,162.880000000,300
SBER,0,20170721,100447,162.870000000,50
SBER,0,20170721,100447,162.860000000,200
SBER,0,20170721,100447,162.860000000,100
SBER,0,20170721,100447,162.860000000,50
SBER,0,20170721,100447,162.890000000,1000
SBER,0,20170721,100447,162.900000000,1000
SBER,0,20170721,100447,162.900000000,1000
SBER,0,20170721,100447,162.910000000,1000
SBER,0,20170721,100447,162.920000000,70
SBER,0,20170721,100447,162.860000000,1000
SBER,0,20170721,100447,162.860000000,1000
SBER,0,20170721,100447,162.870000000,10
SBER,0,20170721,100448,162.870000000,500
SBER,0,20170721,100449,162.870000000,10
SBER,0,20170721,100449,162.880000000,20
SBER,0,20170721,100449,162.850000000,50
SBER,0,20170721,100449,162.850000000,1950
SBER,0,20170721,100449,162.850000000,50
SBER,0,20170721,100449,162.840000000,30
SBER,0,20170721,100449,162.850000000,900
SBER,0,20170721,100449,162.850000000,70
SBER,0,20170721,100449,162.830000000,10
SBER,0,20170721,100450,162.840000000,100
SBER,0,20170721,100450,162.830000000,620
SBER,0,20170721,100450,162.830000000,10
SBER,0,20170721,100452,162.850000000,40
SBER,0,20170721,100452,162.850000000,30
SBER,0,20170721,100452,162.850000000,40
SBER,0,20170721,100453,162.850000000,40
SBER,0,20170721,100453,162.850000000,10
SBER,0,20170721,100453,162.850000000,40
SBER,0,20170721,100455,162.850000000,40
SBER,0,20170721,100455,162.840000000,10
SBER,0,20170721,100455,162.830000000,150
SBER,0,20170721,100455,162.830000000,9200
SBER,0,20170721,100455,162.830000000,10
SBER,0,20170721,100455,162.830000000,10
SBER,0,20170721,100456,162.820000000,10
SBER,0,20170721,100456,162.850000000,40
SBER,0,20170721,100456,162.850000000,10
SBER,0,20170721,100459,162.840000000,90
SBER,0,20170721,100459,162.840000000,10
SBER,0,20170721,100459,162.850000000,1000
SBER,0,20170721,100500,162.850000000,1000
SBER,0,20170721,100500,162.830000000,10
SBER,0,20170721,100500,162.830000000,390
SBER,0,20170721,100500,162.820000000,40
SBER,0,20170721,100500,162.820000000,30
SBER,0,20170721,100500,162.820000000,230
SBER,0,20170721,100500,162.820000000,400
SBER,0,20170721,100500,162.820000000,300
SBER,0,20170721,100500,162.820000000,100
SBER,0,20170721,100500,162.820000000,380
SBER,0,20170721,100500,162.840000000,10
SBER,0,20170721,100500,162.820000000,1800
SBER,0,20170721,100500,162.820000000,6300
SBER,0,20170721,100500,162.820000000,800
SBER,0,20170721,100500,162.820000000,4690
SBER,0,20170721,100500,162.820000000,30
SBER,0,20170721,100500,162.810000000,10
SBER,0,20170721,100500,162.810000000,50
SBER,0,20170721,100500,162.810000000,40
SBER,0,20170721,100501,162.820000000,100
SBER,0,20170721,100501,162.810000000,10
SBER,0,20170721,100501,162.820000000,10
SBER,0,20170721,100502,162.810000000,2000
SBER,0,20170721,100502,162.800000000,10
SBER,0,20170721,100502,162.800000000,30
SBER,0,20170721,100502,162.800000000,60
SBER,0,20170721,100502,162.800000000,10
SBER,0,20170721,100502,162.830000000,150
SBER,0,20170721,100502,162.830000000,100
SBER,0,20170721,100502,162.850000000,10
SBER,0,20170721,100503,162.810000000,10
SBER,0,20170721,100503,162.860000000,10
SBER,0,20170721,100504,162.850000000,50
SBER,0,20170721,100504,162.810000000,10
SBER,0,20170721,100504,162.840000000,10
SBER,0,20170721,100505,162.800000000,10
SBER,0,20170721,100505,162.840000000,10
SBER,0,20170721,100505,162.800000000,10
SBER,0,20170721,100506,162.840000000,1000
SBER,0,20170721,100506,162.850000000,10
SBER,0,20170721,100506,162.840000000,150
SBER,0,20170721,100506,162.800000000,10
SBER,0,20170721,100506,162.800000000,100
SBER,0,20170721,100507,162.840000000,10
SBER,0,20170721,100507,162.850000000,490
SBER,0,20170721,100507,162.840000000,1000
SBER,0,20170721,100507,162.850000000,500
SBER,0,20170721,100507,162.850000000,830
SBER,0,20170721,100507,162.860000000,590
SBER,0,20170721,100507,162.810000000,10
SBER,0,20170721,100507,162.860000000,410
SBER,0,20170721,100507,162.870000000,10
SBER,0,20170721,100507,162.870000000,320
SBER,0,20170721,100507,162.870000000,320
SBER,0,20170721,100507,162.810000000,220
SBER,0,20170721,100508,162.860000000,10
SBER,0,20170721,100508,162.840000000,500
SBER,0,20170721,100509,162.840000000,10
SBER,0,20170721,100510,162.870000000,10
SBER,0,20170721,100510,162.840000000,1000
SBER,0,20170721,100511,162.840000000,650
SBER,0,20170721,100511,162.850000000,350
SBER,0,20170721,100511,162.830000000,10
SBER,0,20170721,100511,162.850000000,90
SBER,0,20170721,100512,162.850000000,2920
SBER,0,20170721,100512,162.850000000,10
SBER,0,20170721,100513,162.850000000,630
SBER,0,20170721,100513,162.860000000,110
SBER,0,20170721,100513,162.830000000,10
SBER,0,20170721,100513,162.830000000,100
SBER,0,20170721,100513,162.830000000,100
SBER,0,20170721,100513,162.860000000,890
SBER,0,20170721,100513,162.860000000,360
SBER,0,20170721,100513,162.830000000,100
SBER,0,20170721,100514,162.860000000,10
SBER,0,20170721,100514,162.830000000,100
SBER,0,20170721,100514,162.830000000,100
SBER,0,20170721,100514,162.860000000,90
SBER,0,20170721,100515,162.830000000,10
SBER,0,20170721,100515,162.830000000,1000
SBER,0,20170721,100515,162.860000000,380
SBER,0,20170721,100515,162.830000000,100
SBER,0,20170721,100515,162.860000000,350
SBER,0,20170721,100515,162.860000000,10
SBER,0,20170721,100515,162.860000000,10
SBER,0,20170721,100516,162.860000000,160
SBER,0,20170721,100516,162.870000000,170
SBER,0,20170721,100516,162.870000000,290
SBER,0,20170721,100516,162.830000000,1370
SBER,0,20170721,100516,162.830000000,2250
SBER,0,20170721,100516,162.830000000,970
SBER,0,20170721,100516,162.820000000,530
SBER,0,20170721,100516,162.820000000,470
SBER,0,20170721,100516,162.810000000,240
SBER,0,20170721,100516,162.810000000,440
SBER,0,20170721,100516,162.810000000,440
SBER,0,20170721,100516,162.810000000,370
SBER,0,20170721,100516,162.810000000,290
SBER,0,20170721,100516,162.810000000,10
SBER,0,20170721,100516,162.830000000,50
SBER,0,20170721,100516,162.810000000,980
SBER,0,20170721,100516,162.810000000,100
SBER,0,20170721,100516,162.870000000,10
SBER,0,20170721,100517,162.830000000,10
SBER,0,20170721,100517,162.870000000,10
SBER,0,20170721,100518,162.840000000,10
SBER,0,20170721,100518,162.870000000,10
SBER,0,20170721,100519,162.850000000,10
SBER,0,20170721,100519,162.870000000,1000
SBER,0,20170721,100520,162.870000000,10
SBER,0,20170721,100520,162.850000000,860
SBER,0,20170721,100520,162.840000000,10
SBER,0,20170721,100520,162.840000000,10
SBER,0,20170721,100520,162.840000000,20
SBER,0,20170721,100520,162.830000000,1710
SBER,0,20170721,100520,162.830000000,490
SBER,0,20170721,100520,162.830000000,10
SBER,0,20170721,100521,162.870000000,10
SBER,0,20170721,100521,162.870000000,980
SBER,0,20170721,100521,162.880000000,10
SBER,0,20170721,100521,162.880000000,630
SBER,0,20170721,100521,162.840000000,10
SBER,0,20170721,100522,162.880000000,10
SBER,0,20170721,100522,162.880000000,380
SBER,0,20170721,100523,162.850000000,10
SBER,0,20170721,100523,162.870000000,180
SBER,0,20170721,100523,162.870000000,350
SBER,0,20170721,100524,162.870000000,10
SBER,0,20170721,100526,162.900000000,10
SBER,0,20170721,100526,162.890000000,500
SBER,0,20170721,100526,162.880000000,10
SBER,0,20170721,100526,162.870000000,490
SBER,0,20170721,100527,162.900000000,10
SBER,0,20170721,100527,162.860000000,10
SBER,0,20170721,100527,162.860000000,940
SBER,0,20170721,100528,162.860000000,330
SBER,0,20170721,100528,162.860000000,20
SBER,0,20170721,100528,162.860000000,480
SBER,0,20170721,100528,162.860000000,10
SBER,0,20170721,100529,162.860000000,10
SBER,0,20170721,100529,162.860000000,10
SBER,0,20170721,100529,162.860000000,10
SBER,0,20170721,100529,162.860000000,10
SBER,0,20170721,100529,162.860000000,10
SBER,0,20170721,100530,162.860000000,10
SBER,0,20170721,100530,162.860000000,10
SBER,0,20170721,100530,162.860000000,10
SBER,0,20170721,100531,162.860000000,10
SBER,0,20170721,100531,162.860000000,120
SBER,0,20170721,100531,162.850000000,140
SBER,0,20170721,100531,162.850000000,10
SBER,0,20170721,100531,162.850000000,110
SBER,0,20170721,100531,162.850000000,40
SBER,0,20170721,100531,162.850000000,60
SBER,0,20170721,100531,162.850000000,40
SBER,0,20170721,100531,162.850000000,1000
SBER,0,20170721,100531,162.860000000,10
SBER,0,20170721,100532,162.860000000,10
SBER,0,20170721,100532,162.860000000,910
SBER,0,20170721,100532,162.860000000,1000
SBER,0,20170721,100532,162.880000000,790
SBER,0,20170721,100532,162.920000000,280
SBER,0,20170721,100532,162.930000000,3720
SBER,0,20170721,100532,162.930000000,10
SBER,0,20170721,100533,162.930000000,10
SBER,0,20170721,100533,162.930000000,290
SBER,0,20170721,100533,162.930000000,10
SBER,0,20170721,100533,162.920000000,1000
SBER,0,20170721,100533,162.910000000,1920
SBER,0,20170721,100533,162.930000000,10
SBER,0,20170721,100533,162.930000000,10
SBER,0,20170721,100533,162.910000000,740
SBER,0,20170721,100533,162.910000000,10
SBER,0,20170721,100533,162.900000000,90
SBER,0,20170721,100533,162.900000000,220
SBER,0,20170721,100533,162.930000000,10
SBER,0,20170721,100533,162.900000000,1000
SBER,0,20170721,100533,162.890000000,1920
SBER,0,20170721,100533,162.920000000,380
SBER,0,20170721,100533,162.920000000,50
SBER,0,20170721,100533,162.920000000,350
SBER,0,20170721,100533,162.920000000,220
SBER,0,20170721,100533,162.930000000,110
SBER,0,20170721,100533,162.890000000,120
SBER,0,20170721,100533,162.930000000,290
SBER,0,20170721,100533,162.890000000,960
SBER,0,20170721,100533,162.870000000,1960
SBER,0,20170721,100533,162.920000000,10
SBER,0,20170721,100534,162.930000000,740
SBER,0,20170721,100534,162.930000000,320
SBER,0,20170721,100534,162.930000000,380
SBER,0,20170721,100534,162.920000000,600
SBER,0,20170721,100534,162.920000000,20
SBER,0,20170721,100534,162.930000000,350
SBER,0,20170721,100534,162.930000000,330
SBER,0,20170721,100534,162.930000000,290
SBER,0,20170721,100534,162.930000000,380
SBER,0,20170721,100534,162.930000000,350
SBER,0,20170721,100534,162.930000000,320
SBER,0,20170721,100534,162.930000000,290
SBER,0,20170721,100534,162.930000000,580
SBER,0,20170721,100534,162.930000000,2340
SBER,0,20170721,100534,162.930000000,16070
SBER,0,20170721,100534,162.910000000,10
SBER,0,20170721,100534,162.870000000,730
SBER,0,20170721,100534,162.880000000,90
SBER,0,20170721,100534,162.880000000,380
SBER,0,20170721,100534,162.880000000,350
SBER,0,20170721,100534,162.930000000,2920
SBER,0,20170721,100534,162.920000000,10
SBER,0,20170721,100534,162.870000000,310
SBER,0,20170721,100534,162.870000000,10
SBER,0,20170721,100534,162.880000000,180
SBER,0,20170721,100534,162.880000000,110
SBER,0,20170721,100534,162.930000000,2070
SBER,0,20170721,100534,162.930000000,850
SBER,0,20170721,100534,162.930000000,2750
SBER,0,20170721,100534,162.930000000,2600
SBER,0,20170721,100534,162.930000000,10
SBER,0,20170721,100534,162.940000000,470
SBER,0,20170721,100534,162.940000000,740
SBER,0,20170721,100535,162.940000000,320
SBER,0,20170721,100535,162.940000000,380
SBER,0,20170721,100535,162.940000000,350
SBER,0,20170721,100535,162.940000000,330
SBER,0,20170721,100535,162.940000000,290
SBER,0,20170721,100535,162.940000000,820
SBER,0,20170721,100535,162.940000000,2100
SBER,0,20170721,100535,162.940000000,2400
SBER,0,20170721,100535,162.940000000,3430
SBER,0,20170721,100535,162.940000000,740
SBER,0,20170721,100535,162.940000000,320
SBER,0,20170721,100535,162.920000000,10
SBER,0,20170721,100535,162.880000000,250
SBER,0,20170721,100535,162.940000000,110
SBER,0,20170721,100535,162.940000000,270
SBER,0,20170721,100535,162.940000000,1000
SBER,0,20170721,100535,162.940000000,430
SBER,0,20170721,100535,162.940000000,1400
SBER,0,20170721,100535,162.940000000,170
SBER,0,20170721,100535,162.940000000,530
SBER,0,20170721,100535,162.940000000,970
SBER,0,20170721,100535,162.960000000,190
SBER,0,20170721,100535,162.970000000,120
SBER,0,20170721,100535,162.970000000,350
SBER,0,20170721,100535,162.970000000,320
SBER,0,20170721,100535,162.970000000,210
SBER,0,20170721,100535,162.980000000,80
SBER,0,20170721,100536,162.960000000,30
SBER,0,20170721,100537,162.970000000,10
SBER,0,20170721,100537,162.970000000,740
SBER,0,20170721,100537,162.980000000,10
SBER,0,20170721,100537,162.980000000,310
SBER,0,20170721,100537,162.980000000,380
SBER,0,20170721,100537,162.980000000,310
SBER,0,20170721,100537,162.990000000,40
SBER,0,20170721,100537,162.990000000,10
SBER,0,20170721,100537,162.990000000,320
SBER,0,20170721,100537,162.990000000,280
SBER,0,20170721,100537,163.000000000,10
SBER,0,20170721,100537,163.000000000,740
SBER,0,20170721,100538,163.000000000,320
SBER,0,20170721,100538,163.000000000,380
SBER,0,20170721,100538,163.000000000,400
SBER,0,20170721,100538,163.000000000,150
SBER,0,20170721,100538,163.010000000,200
SBER,0,20170721,100538,163.020000000,320
SBER,0,20170721,100538,163.020000000,280
SBER,0,20170721,100538,163.020000000,400
SBER,0,20170721,100538,163.030000000,10
SBER,0,20170721,100538,163.030000000,330
SBER,0,20170721,100538,163.040000000,320
SBER,0,20170721,100538,163.040000000,380
SBER,0,20170721,100538,163.040000000,340
SBER,0,20170721,100538,163.030000000,320
SBER,0,20170721,100538,163.020000000,280
SBER,0,20170721,100538,163.010000000,10
SBER,0,20170721,100538,163.020000000,10
SBER,0,20170721,100538,162.990000000,10
SBER,0,20170721,100538,162.970000000,30
SBER,0,20170721,100538,162.970000000,340
SBER,0,20170721,100538,163.020000000,10
SBER,0,20170721,100539,163.020000000,740
SBER,0,20170721,100539,163.030000000,280
SBER,0,20170721,100539,163.030000000,40
SBER,0,20170721,100539,163.040000000,380
SBER,0,20170721,100539,163.000000000,10
SBER,0,20170721,100539,163.030000000,320
SBER,0,20170721,100539,163.010000000,50
SBER,0,20170721,100539,163.040000000,280
SBER,0,20170721,100539,163.000000000,40
SBER,0,20170721,100539,163.000000000,10
SBER,0,20170721,100539,163.000000000,290
SBER,0,20170721,100539,162.990000000,190
SBER,0,20170721,100539,162.980000000,140
SBER,0,20170721,100539,163.030000000,10
SBER,0,20170721,100539,163.030000000,10
SBER,0,20170721,100539,163.060000000,100
SBER,0,20170721,100540,163.030000000,10
SBER,0,20170721,100540,163.010000000,40
SBER,0,20170721,100540,163.020000000,3000
SBER,0,20170721,100540,163.020000000,1000
SBER,0,20170721,100540,163.030000000,1000
SBER,0,20170721,100540,163.040000000,3000
SBER,0,20170721,100540,163.040000000,1000
SBER,0,20170721,100540,163.050000000,960
SBER,0,20170721,100541,163.040000000,10
SBER,0,20170721,100541,163.050000000,10
SBER,0,20170721,100541,163.050000000,10
SBER,0,20170721,100542,163.050000000,10
SBER,0,20170721,100542,163.050000000,10
SBER,0,20170721,100543,163.050000000,10
SBER,0,20170721,100543,163.050000000,10
SBER,0,20170721,100543,163.050000000,10
SBER,0,20170721,100543,163.050000000,10
SBER,0,20170721,100543,163.060000000,10
SBER,0,20170721,100543,163.060000000,960
SBER,0,20170721,100543,163.070000000,540
SBER,0,20170721,100543,163.060000000,10
SBER,0,20170721,100543,163.060000000,10
SBER,0,20170721,100544,163.060000000,10
SBER,0,20170721,100544,163.040000000,10
SBER,0,20170721,100544,163.040000000,190
SBER,0,20170721,100544,163.060000000,10
SBER,0,20170721,100544,163.060000000,10
SBER,0,20170721,100544,163.060000000,10
SBER,0,20170721,100544,163.060000000,10
SBER,0,20170721,100544,163.060000000,10
SBER,0,20170721,100544,163.060000000,10
SBER,0,20170721,100545,163.060000000,10
SBER,0,20170721,100545,163.070000000,10
SBER,0,20170721,100546,163.070000000,10
SBER,0,20170721,100546,163.070000000,10
SBER,0,20170721,100546,163.070000000,10
SBER,0,20170721,100546,163.040000000,460
SBER,0,20170721,100546,163.040000000,100
SBER,0,20170721,100546,163.070000000,10
SBER,0,20170721,100546,163.040000000,80
SBER,0,20170721,100546,163.040000000,640
SBER,0,20170721,100546,163.040000000,10
SBER,0,20170721,100546,163.040000000,10
SBER,0,20170721,100546,163.040000000,10
SBER,0,20170721,100546,163.040000000,10
SBER,0,20170721,100547,163.040000000,10
SBER,0,20170721,100547,163.040000000,550
SBER,0,20170721,100547,163.040000000,80
SBER,0,20170721,100547,163.040000000,500
SBER,0,20170721,100547,163.070000000,9000
SBER,0,20170721,100547,163.070000000,410
SBER,0,20170721,100547,163.070000000,940
SBER,0,20170721,100547,163.070000000,30
SBER,0,20170721,100547,163.080000000,10
SBER,0,20170721,100547,163.080000000,100
SBER,0,20170721,100547,163.070000000,1000
SBER,0,20170721,100547,163.060000000,10
SBER,0,20170721,100547,163.050000000,40
SBER,0,20170721,100548,163.090000000,10
SBER,0,20170721,100548,163.090000000,1000
SBER,0,20170721,100548,163.100000000,800
SBER,0,20170721,100548,163.100000000,110
SBER,0,20170721,100548,163.100000000,530
SBER,0,20170721,100548,163.100000000,450
SBER,0,20170721,100548,163.100000000,2100
SBER,0,20170721,100549,163.080000000,300
SBER,0,20170721,100551,163.070000000,1000
SBER,0,20170721,100551,163.060000000,40
SBER,0,20170721,100551,163.070000000,60
SBER,0,20170721,100552,163.040000000,10
SBER,0,20170721,100552,163.040000000,100
SBER,0,20170721,100553,163.030000000,250
SBER,0,20170721,100553,163.030000000,100
SBER,0,20170721,100553,163.040000000,500
SBER,0,20170721,100553,163.030000000,20
SBER,0,20170721,100553,163.020000000,10
SBER,0,20170721,100553,163.010000000,990
SBER,0,20170721,100554,163.030000000,30
SBER,0,20170721,100554,163.040000000,390
SBER,0,20170721,100554,163.080000000,310
SBER,0,20170721,100554,163.100000000,440
SBER,0,20170721,100555,163.100000000,10
SBER,0,20170721,100559,163.100000000,830
SBER,0,20170721,100559,163.100000000,820
SBER,0,20170721,100559,163.100000000,970
SBER,0,20170721,100601,163.120000000,100
SBER,0,20170721,100603,163.120000000,80
SBER,0,20170721,100605,163.120000000,20
SBER,0,20170721,100605,163.130000000,80
SBER,0,20170721,100605,163.100000000,100
SBER,0,20170721,100605,163.100000000,100
SBER,0,20170721,100605,163.100000000,100
SBER,0,20170721,100605,163.100000000,200
SBER,0,20170721,100605,163.090000000,100
SBER,0,20170721,100605,163.090000000,900
SBER,0,20170721,100605,163.090000000,70
SBER,0,20170721,100606,163.080000000,50
SBER,0,20170721,100606,163.080000000,40
SBER,0,20170721,100606,163.060000000,200
SBER,0,20170721,100607,163.060000000,400
SBER,0,20170721,100607,163.060000000,100
SBER,0,20170721,100607,163.050000000,1000
SBER,0,20170721,100607,163.040000000,5000
SBER,0,20170721,100607,163.040000000,550
SBER,0,20170721,100609,163.060000000,1000
SBER,0,20170721,100610,163.050000000,690
SBER,0,20170721,100610,163.040000000,470
SBER,0,20170721,100610,163.030000000,50
SBER,0,20170721,100610,163.030000000,700
SBER,0,20170721,100610,163.030000000,30
SBER,0,20170721,100610,163.030000000,1000
SBER,0,20170721,100610,163.020000000,60
SBER,0,20170721,100610,163.080000000,1000
SBER,0,20170721,100610,163.090000000,730
SBER,0,20170721,100610,163.090000000,530
SBER,0,20170721,100610,163.100000000,40
SBER,0,20170721,100610,163.100000000,1000
SBER,0,20170721,100610,163.100000000,1200
SBER,0,20170721,100610,163.100000000,1200
SBER,0,20170721,100610,163.100000000,1200
SBER,0,20170721,100610,163.100000000,1200
SBER,0,20170721,100610,163.100000000,610
SBER,0,20170721,100610,163.100000000,1500
SBER,0,20170721,100610,163.100000000,1500
SBER,0,20170721,100610,163.100000000,1200
SBER,0,20170721,100610,163.100000000,300
SBER,0,20170721,100610,163.100000000,600
SBER,0,20170721,100610,163.100000000,500
SBER,0,20170721,100610,163.100000000,1200
SBER,0,20170721,100610,163.100000000,290
SBER,0,20170721,100610,163.100000000,290
SBER,0,20170721,100610,163.100000000,290
SBER,0,20170721,100610,163.100000000,290
SBER,0,20170721,100610,163.100000000,900
SBER,0,20170721,100610,163.100000000,990
SBER,0,20170721,100610,163.100000000,500
SBER,0,20170721,100610,163.100000000,290
SBER,0,20170721,100610,163.100000000,690
SBER,0,20170721,100610,163.100000000,430
SBER,0,20170721,100610,163.100000000,940
SBER,0,20170721,100610,163.100000000,600
SBER,0,20170721,100610,163.100000000,1000
SBER,0,20170721,100610,163.100000000,200
SBER,0,20170721,100610,163.100000000,300
SBER,0,20170721,100610,163.100000000,400
SBER,0,20170721,100610,163.100000000,1000
SBER,0,20170721,100610,163.100000000,500
SBER,0,20170721,100610,163.100000000,1000
SBER,0,20170721,100610,163.100000000,200
SBER,0,20170721,100610,163.100000000,300
SBER,0,20170721,100610,163.100000000,290
SBER,0,20170721,100610,163.100000000,1300
SBER,0,20170721,100610,163.100000000,500
SBER,0,20170721,100610,163.100000000,500
SBER,0,20170721,100610,163.100000000,200
SBER,0,20170721,100610,163.100000000,300
SBER,0,20170721,100610,163.110000000,10
SBER,0,20170721,100612,163.100000000,100
SBER,0,20170721,100612,163.100000000,100
SBER,0,20170721,100612,163.100000000,1300
SBER,0,20170721,100612,163.100000000,300
SBER,0,20170721,100612,163.100000000,1000
SBER,0,20170721,100612,163.100000000,200
SBER,0,20170721,100612,163.100000000,300
SBER,0,20170721,100612,163.100000000,400
SBER,0,20170721,100612,163.100000000,800
SBER,0,20170721,100612,163.100000000,1000
SBER,0,20170721,100612,163.100000000,500
SBER,0,20170721,100612,163.100000000,100
SBER,0,20170721,100612,163.100000000,500
SBER,0,20170721,100612,163.100000000,300
SBER,0,20170721,100612,163.100000000,500
SBER,0,20170721,100612,163.100000000,100
SBER,0,20170721,100612,163.100000000,1500
SBER,0,20170721,100612,163.100000000,1500
SBER,0,20170721,100612,163.100000000,1500
SBER,0,20170721,100612,163.100000000,1500
SBER,0,20170721,100612,163.100000000,500
SBER,0,20170721,100612,163.100000000,500
SBER,0,20170721,100612,163.100000000,500
SBER,0,20170721,100612,163.100000000,500
SBER,0,20170721,100612,163.100000000,700
SBER,0,20170721,100612,163.100000000,300
SBER,0,20170721,100612,163.100000000,300
SBER,0,20170721,100612,163.100000000,100
SBER,0,20170721,100612,163.100000000,300
SBER,0,20170721,100612,163.100000000,300
SBER,0,20170721,100612,163.100000000,400
SBER,0,20170721,100612,163.100000000,100
SBER,0,20170721,100612,163.100000000,200
SBER,0,20170721,100612,163.100000000,100
SBER,0,20170721,100612,163.100000000,200
SBER,0,20170721,100612,163.100000000,100
SBER,0,20170721,100612,163.100000000,400
SBER,0,20170721,100612,163.100000000,200
SBER,0,20170721,100612,163.100000000,300
SBER,0,20170721,100612,163.100000000,100
SBER,0,20170721,100612,163.100000000,1000
SBER,0,20170721,100612,163.100000000,400
SBER,0,20170721,100612,163.100000000,500
SBER,0,20170721,100612,163.100000000,200
SBER,0,20170721,100612,163.100000000,1000
SBER,0,20170721,100612,163.100000000,800
SBER,0,20170721,100612,163.100000000,500
SBER,0,20170721,100612,163.100000000,500
SBER,0,20170721,100612,163.100000000,500
SBER,0,20170721,100612,163.100000000,470
SBER,0,20170721,100612,163.100000000,500
SBER,0,20170721,100612,163.100000000,500
SBER,0,20170721,100612,163.100000000,500
SBER,0,20170721,100612,163.110000000,1000
SBER,0,20170721,100613,163.110000000,100
SBER,0,20170721,100613,163.110000000,190
SBER,0,20170721,100616,163.120000000,50
SBER,0,20170721,100616,163.120000000,1000
SBER,0,20170721,100616,163.120000000,970
SBER,0,20170721,100616,163.130000000,580
SBER,0,20170721,100616,163.130000000,10
SBER,0,20170721,100616,163.130000000,50
SBER,0,20170721,100616,163.130000000,500
SBER,0,20170721,100616,163.130000000,200
SBER,0,20170721,100616,163.130000000,200
SBER,0,20170721,100616,163.130000000,40
SBER,0,20170721,100616,163.130000000,160
SBER,0,20170721,100616,163.140000000,1000
SBER,0,20170721,100616,163.160000000,100
SBER,0,20170721,100616,163.160000000,10
SBER,0,20170721,100617,163.170000000,10
SBER,0,20170721,100617,163.180000000,10
SBER,0,20170721,100617,163.190000000,10
SBER,0,20170721,100617,163.190000000,10
SBER,0,20170721,100617,163.200000000,1000
SBER,0,20170721,100617,163.200000000,920
SBER,0,20170721,100617,163.200000000,1540
SBER,0,20170721,100617,163.200000000,1000
SBER,0,20170721,100617,163.210000000,1000
SBER,0,20170721,100617,163.210000000,680
SBER,0,20170721,100617,163.230000000,10
SBER,0,20170721,100617,163.230000000,100
SBER,0,20170721,100617,163.230000000,100
SBER,0,20170721,100617,163.230000000,10
SBER,0,20170721,100617,163.230000000,1600
SBER,0,20170721,100617,163.230000000,210
SBER,0,20170721,100617,163.230000000,1070
SBER,0,20170721,100618,163.240000000,420
SBER,0,20170721,100618,163.240000000,580
SBER,0,20170721,100618,163.250000000,200
SBER,0,20170721,100618,163.250000000,10
SBER,0,20170721,100618,163.260000000,1000
SBER,0,20170721,100618,163.260000000,100
SBER,0,20170721,100618,163.250000000,790
SBER,0,20170721,100618,163.250000000,1000
SBER,0,20170721,100618,163.250000000,3200
SBER,0,20170721,100618,163.280000000,1200
SBER,0,20170721,100621,163.230000000,970
SBER,0,20170721,100621,163.220000000,1000
SBER,0,20170721,100621,163.200000000,3000
SBER,0,20170721,100621,163.200000000,1000
SBER,0,20170721,100621,163.190000000,500
SBER,0,20170721,100621,163.190000000,2530
SBER,0,20170721,100621,163.160000000,10
SBER,0,20170721,100621,163.160000000,170
SBER,0,20170721,100621,163.150000000,2320
SBER,0,20170721,100622,163.130000000,50
SBER,0,20170721,100622,163.120000000,1000
SBER,0,20170721,100622,163.120000000,200
SBER,0,20170721,100622,163.130000000,30
SBER,0,20170721,100622,163.130000000,20
SBER,0,20170721,100623,163.160000000,1000
SBER,0,20170721,100624,163.210000000,10
SBER,0,20170721,100626,163.220000000,80
SBER,0,20170721,100626,163.230000000,10
SBER,0,20170721,100628,163.240000000,1000
SBER,0,20170721,100629,163.200000000,50
SBER,0,20170721,100629,163.180000000,1000
SBER,0,20170721,100629,163.180000000,930
SBER,0,20170721,100629,163.170000000,500
SBER,0,20170721,100629,163.170000000,4520
SBER,0,20170721,100629,163.230000000,310
SBER,0,20170721,100629,163.230000000,30
SBER,0,20170721,100630,163.220000000,1000
SBER,0,20170721,100630,163.200000000,10
SBER,0,20170721,100631,163.220000000,1000
SBER,0,20170721,100631,163.220000000,770
SBER,0,20170721,100631,163.230000000,970
SBER,0,20170721,100631,163.230000000,50
SBER,0,20170721,100631,163.240000000,210
SBER,0,20170721,100632,163.240000000,1000
SBER,0,20170721,100634,163.200000000,10
SBER,0,20170721,100634,163.220000000,3000
SBER,0,20170721,100636,163.230000000,70
SBER,0,20170721,100638,163.230000000,1000
SBER,0,20170721,100638,163.240000000,790
SBER,0,20170721,100638,163.240000000,10
SBER,0,20170721,100638,163.240000000,4000
SBER,0,20170721,100638,163.240000000,40
SBER,0,20170721,100638,163.240000000,1000
SBER,0,20170721,100638,163.250000000,1000
SBER,0,20170721,100638,163.260000000,3000
SBER,0,20170721,100638,163.260000000,1000
SBER,0,20170721,100638,163.260000000,420
SBER,0,20170721,100638,163.270000000,980
SBER,0,20170721,100638,163.250000000,500
SBER,0,20170721,100639,163.250000000,2910
SBER,0,20170721,100640,163.250000000,50
SBER,0,20170721,100640,163.250000000,40
SBER,0,20170721,100640,163.250000000,2440
SBER,0,20170721,100640,163.240000000,1000
SBER,0,20170721,100640,163.240000000,970
SBER,0,20170721,100640,163.240000000,2400
SBER,0,20170721,100640,163.240000000,150
SBER,0,20170721,100641,163.230000000,500
SBER,0,20170721,100641,163.280000000,50
SBER,0,20170721,100641,163.220000000,200
SBER,0,20170721,100641,163.220000000,800
SBER,0,20170721,100641,163.210000000,3000
SBER,0,20170721,100641,163.210000000,1000
SBER,0,20170721,100641,163.200000000,200
SBER,0,20170721,100642,163.220000000,1000
SBER,0,20170721,100642,163.220000000,1000
SBER,0,20170721,100645,163.270000000,10
SBER,0,20170721,100645,163.280000000,90
SBER,0,20170721,100645,163.220000000,910
SBER,0,20170721,100647,163.220000000,280
SBER,0,20170721,100647,163.210000000,1420
SBER,0,20170721,100648,163.210000000,970
SBER,0,20170721,100648,163.210000000,3250
SBER,0,20170721,100648,163.210000000,450
SBER,0,20170721,100648,163.200000000,1730
SBER,0,20170721,100648,163.200000000,1270
SBER,0,20170721,100648,163.180000000,40
SBER,0,20170721,100648,163.180000000,2500
SBER,0,20170721,100648,163.160000000,500
SBER,0,20170721,100648,163.160000000,4000
SBER,0,20170721,100648,163.160000000,10
SBER,0,20170721,100648,163.150000000,500
SBER,0,20170721,100649,163.140000000,250
SBER,0,20170721,100649,163.120000000,250
SBER,0,20170721,100649,163.120000000,120
SBER,0,20170721,100650,163.150000000,200
SBER,0,20170721,100651,163.120000000,10
SBER,0,20170721,100652,163.120000000,500
SBER,0,20170721,100653,163.180000000,10
SBER,0,20170721,100655,163.180000000,50
SBER,0,20170721,100657,163.160000000,50
SBER,0,20170721,100658,163.160000000,100
SBER,0,20170721,100658,163.180000000,970
SBER,0,20170721,100700,163.210000000,1000
SBER,0,20170721,100700,163.170000000,1000
SBER,0,20170721,100700,163.160000000,850
SBER,0,20170721,100700,163.160000000,1000
SBER,0,20170721,100700,163.140000000,400
SBER,0,20170721,100700,163.140000000,3000
SBER,0,20170721,100700,163.140000000,1000
SBER,0,20170721,100700,163.130000000,1000
SBER,0,20170721,100700,163.130000000,3000
SBER,0,20170721,100700,163.120000000,2750
SBER,0,20170721,100700,163.170000000,100
SBER,0,20170721,100701,163.140000000,810
SBER,0,20170721,100702,163.120000000,400
SBER,0,20170721,100702,163.120000000,1710
SBER,0,20170721,100702,163.160000000,2630
SBER,0,20170721,100702,163.160000000,370
SBER,0,20170721,100703,163.150000000,1000
SBER,0,20170721,100705,163.180000000,10
SBER,0,20170721,100707,163.160000000,40
SBER,0,20170721,100707,163.160000000,30
SBER,0,20170721,100707,163.160000000,30
SBER,0,20170721,100707,163.180000000,500
SBER,0,20170721,100708,163.180000000,490
SBER,0,20170721,100708,163.180000000,910
SBER,0,20170721,100708,163.190000000,1000
SBER,0,20170721,100708,163.200000000,100
SBER,0,20170721,100712,163.180000000,900
SBER,0,20170721,100712,163.190000000,390
SBER,0,20170721,100715,163.160000000,100
SBER,0,20170721,100716,163.160000000,170
SBER,0,20170721,100716,163.160000000,30
SBER,0,20170721,100716,163.160000000,210
SBER,0,20170721,100716,163.160000000,450
SBER,0,20170721,100716,163.160000000,280
SBER,0,20170721,100716,163.150000000,960
SBER,0,20170721,100716,163.150000000,3710
SBER,0,20170721,100716,163.150000000,7830
SBER,0,20170721,100716,163.150000000,10
SBER,0,20170721,100716,163.150000000,260
SBER,0,20170721,100716,163.150000000,130
SBER,0,20170721,100716,163.140000000,100
SBER,0,20170721,100716,163.120000000,3000
SBER,0,20170721,100716,163.120000000,10000
SBER,0,20170721,100716,163.120000000,1000
SBER,0,20170721,100716,163.120000000,1000
SBER,0,20170721,100716,163.110000000,10
SBER,0,20170721,100716,163.110000000,2000
SBER,0,20170721,100716,163.110000000,10
SBER,0,20170721,100716,163.110000000,300
SBER,0,20170721,100716,163.110000000,3690
SBER,0,20170721,100716,163.110000000,3000
SBER,0,20170721,100716,163.110000000,500
SBER,0,20170721,100716,163.100000000,30
SBER,0,20170721,100716,163.100000000,100
SBER,0,20170721,100716,163.100000000,370
SBER,0,20170721,100716,163.100000000,1360
SBER,0,20170721,100716,163.100000000,130
SBER,0,20170721,100716,163.100000000,140
SBER,0,20170721,100716,163.100000000,2200
SBER,0,20170721,100716,163.100000000,1000
SBER,0,20170721,100716,163.090000000,1600
SBER,0,20170721,100716,163.090000000,10
SBER,0,20170721,100716,163.100000000,1000
SBER,0,20170721,100716,163.110000000,1000
SBER,0,20170721,100716,163.120000000,1000
SBER,0,20170721,100716,163.130000000,300
SBER,0,20170721,100717,163.080000000,20
SBER,0,20170721,100717,163.080000000,10
SBER,0,20170721,100717,163.070000000,1550
SBER,0,20170721,100717,163.070000000,1360
SBER,0,20170721,100718,163.060000000,10
SBER,0,20170721,100718,163.060000000,100
SBER,0,20170721,100718,163.060000000,1000
SBER,0,20170721,100718,163.050000000,690
SBER,0,20170721,100719,163.050000000,800
SBER,0,20170721,100719,163.050000000,350
SBER,0,20170721,100719,163.050000000,6000
SBER,0,20170721,100719,163.050000000,950
SBER,0,20170721,100719,163.050000000,2050
SBER,0,20170721,100719,163.050000000,1000
SBER,0,20170721,100719,163.040000000,1000
SBER,0,20170721,100719,163.040000000,1000
SBER,0,20170721,100719,163.030000000,100
SBER,0,20170721,100719,163.030000000,30
SBER,0,20170721,100719,163.020000000,30
SBER,0,20170721,100719,163.020000000,30
SBER,0,20170721,100719,163.020000000,780
